2792 4767
690 230 903 290 ..14-

261 401 424 481 graphicus,
439 401 566 459 Pollucis
587 400 661 458 libro
682 400 714 457 X
736 397 922 479 respondens.
964 395 1148 476 Quamquam
1170 400 1200 455 in
1221 417 1259 455 re
1285 406 1364 455 tam

263 510 371 566 incerta
392 527 452 565 non
474 505 641 573 obstiterim,
665 507 689 562 si
712 507 777 583 quis
791 506 879 562 totius
894 504 989 581 operis
1003 502 1118 560 titulum
1133 502 1364 582 scenographi-

261 632 327 670 cum
348 612 437 670 fuisse
458 609 620 669 contendat.
656 608 813 685 Quaeritur
834 616 939 679 autem,
963 627 1031 665 num
1055 607 1109 665 hoc
1128 605 1364 666 onomasticum

263 718 380 775 omnino
402 714 438 773 ad
461 736 534 795 opus
557 738 589 778 π.
612 737 640 777 κ.
667 716 826 794 pertineat;
852 713 1012 788 fragmenta
1035 714 1111 770 enim
1133 721 1251 770 seruata
1276 711 1362 793 (17,

266 827 315 893 39,
340 820 392 900 oo)
424 824 464 880 ita
492 827 656 900 comparata
684 829 767 890 sunt,
799 826 831 876 ut
857 819 936 876 uitae
960 817 1121 875 cotidianae
1147 821 1364 876 instrumenta

263 928 393 985 enarrari
421 925 584 995 uideantur,
612 926 702 1004 ipsius
728 931 825 980 autern
853 921 1018 980 comoediae
1045 922 1126 980 nulla
1147 925 1257 981 mentio
1283 924 1361 981 fiat.

263 1030 362 1089 Facile
390 1033 477 1107 igitur
506 1031 681 1106 singularem
711 1027 855 1107 quendam
884 1027 990 1087 librum
1019 1029 1056 1087 ab
1079 1046 1166 1107 opere
1187 1007 1275 1090 usn.
1306 1050 1360 1088 se·

263 1138 392 1194 iunctum
413 1136 571 1212 intellegas
617 1132 674 1194 sed
696 1153 761 1192 cum
784 1131 940 1213 disputatio
963 1134 1000 1191 de
1021 1153 1092 1192 uoce
1114 1132 1223 1213 σισύρα
1247 1133 1358 1218 (125)

264 1244 295 1300 in
322 1242 437 1300 scholiis
458 1241 680 1320 Aristophaneis
709 1250 823 1298 seruata
851 1239 977 1298 dubitari
1006 1258 1065 1297 non
1094 1242 1185 1317 possit
1205 1242 1284 1317 quin
1312 1261 1356 1299 ex

264 1350 438 1406 onomastico
469 1348 608 1423 originem
636 1343 767 1417 duxerit,
796 1341 958 1402 adhibitum
980 1343 1081 1403 saltem
1105 1345 1245 1403 essehoc
1268 1368 1355 1426 opus

264 1453 465 1511 Eratosthenis
493 1453 524 1509 in
546 1450 662 1509 scholiis
683 1448 841 1508 conflandis
862 1459 991 1528 apparet.
1030 1450 1165 1509 Fortasse
1187 1453 1279 1527 igitur
1301 1472 1354 1512 res

249 1560 305 1616 -ita
327 1557 474 1629 sehabet,
497 1565 530 1614 ut
551 1555 758 1613 Eratosthenes
780 1554 930 1625 uocabula,
953 1573 1030 1632 quae
1051 1573 1087 1611 ex
1110 1556 1169 1613 uita
1192 1552 1352 1614 cotidiana

265 1662 416 1741 desumpta
444 1659 521 1740 apud
547 1663 670 1719 comicos
698 1679 848 1738 nunquam
877 1679 936 1717 non
966 1670 1163 1732 occurrerent,
1191 1659 1248 1717 hoc
1270 1680 1350 1719 ono-

266 1769 384 1825 mastico
406 1769 613 1846 composuerit,
645 1764 681 1823 de
703 1763 896 1840 singularibus
917 1774 1014 1823 autem
1037 1765 1135 1823 uerbis
1156 1764 1283 1842 aliisque
1310 1766 1350 1825 de

265 1868 353 1927 rebus
374 1878 406 1927 ut
426 1890 560 1949 quaeque
582 1868 619 1929 ad
641 1870 769 1946 singulas
790 1868 903 1927 fabulas
924 1873 1116 1948 pertinuerint
1136 1869 1348 1956 disputaucrit.

350 1975 483 2034 Alterum
506 1976 611 2035 librum
633 1995 720 2056 quem
739 1974 795 2032 sibi
809 1974 893 2051 fingit
908 1974 1115 2054 Bernhardyus
1129 1975 1346 2049 histrionicum,

265 2079 376 2158 quide
404 2090 467 2140 arte
493 2094 522 2140 et
551 2082 637 2141 rebus
660 2082 829 2140 histrionum
859 2084 947 2158 gestis
976 2084 1080 2156 egerit,
1112 2100 1149 2138 ex
1170 2080 1347 2156 fragmentis

265 2206 325 2244 non
347 2186 452 2257 elicias,
481 2206 549 2245 nam
579 2185 615 2244 de
636 2186 708 2245 Polo
731 2185 876 2264 disputata
904 2189 1008 2264 quouis
1030 2186 1086 2244 alio
1109 2185 1173 2244 loco
1196 2189 1346 2247 exstitisse

267 2300 396 2370 possunt
442 2289 529 2366 Quod
559 2300 655 2349 autem
685 2291 752 2348 huic
784 2291 858 2349 libro
891 2291 1022 2350 attribuit
1050 2291 1138 2350 schol.
1162 2291 1251 2371 Vesp.
1277 2299 1343 2356 579

265 2395 439 2474 Symmacho
461 2395 591 2453 debetur.

352 2500 481 2559 Dubium
503 2510 599 2558 autem
622 2510 665 2558 est
685 2520 744 2579 quo
767 2500 824 2559 duo
852 2501 917 2559 libri
939 2504 1118 2582 grammatic-i
1137 2502 1345 2563 Eratosthenis

267 2606 411 2665 referendi
433 2610 499 2679 sint,
523 2627 645 2686 quorum
668 2610 748 2665 testis
771 2615 815 2665 est
836 2606 925 2665 Clem.
941 2606 1027 2664 Alex.
1051 2607 1066 2665 Ι
1090 2614 1149 2669 365
1165 2607 1199 2664 Ρ.
1229 2603 1342 2667 Ἀπολ-

266 2710 398 2793 λόδωρος
426 2710 459 2771 δὲ
487 2712 668 2790 ὃΚσμαῖσς
697 2720 815 2792 πρῶτος
836 2720 891 2771 τοῦ
912 2719 1046 2791 norvenos)
1068 2710 1245 2791 εἰσηγήσατο
1267 2714 1341 2771 τοῦ-

266 2838 344 2894 νομα
367 2817 416 2875 καὶ
445 2816 654 2898 γραμματικὸς
675 2818 914 2898 προσηγορεύθη.
959 2806 1055 2876 ''Errot
1079 2814 1112 2876 δὲ
1132 2814 1341 2898 Ἐρατοσθένη

267 2921 320 2980 τὸν
341 2919 517 3002 Kos-panion
539 2943 619 3003 φαςι,
647 2918 748 3001 ἐπειδὴ
772 2920 910 2994 &stotonae
932 2914 1017 2993 οὗτος
1036 2922 1143 2999 βιβλία
1165 2922 1219 2981 δύο
1239 2946 1340 3005 ypapa-

268 3028 382 3104 ματικὰ
405 3026 584 3108 ἐπιγράψας.
626 3028 746 3087 Frustra
768 3028 874 3086 Bernh.
898 3050 926 3106 p.
951 3029 992 3086 X.
1037 3029 1214 3088 Clementem
1235 3035 1341 3090 erroris

268 3134 423 3213 insimulat,
435 3154 502 3191 nam
518 3135 720 3209 grammaticae
731 3132 859 3193 definitio
873 3132 974 3214 (schol.
988 3133 1111 3211 Dionys.
1124 3132 1229 3191 Thrac.
1242 3133 1338 3195 Beklr.

268 3237 326 3296 An.
348 3260 376 3317 p.
404 3244 473 3302 725.
508 3238 622 3298 Villois.
646 3239 703 3297 An.
727 3239 779 3300 Gr.
801 3239 833 3297 ΙΙ
860 3237 931 3319 172)
961 3236 1036 3297 ὅθεν
1063 3239 1116 3297 οὐκ
1146 3238 1206 3296 ἀπὸ
1227 3251 1340 3301 σκοποῦ

268 3342 318 3401 καὶ
342 3342 446 3423 (φησὶν
469 3340 485 3401 ὅ
506 3342 599 3424 σοφὸς
615 3344 744 3426 Villois.)
767 3339 987 3424 Ἐρατοσθένης
1001 3339 1067 3424 ἔφη,
1084 3343 1129 3402 ὅτι
1144 3349 1339 3425 γραμματική

269 3448 349 3509 ἔστιν
380 3446 439 3519 ἕξις
467 3448 614 3527 παντελὴς
642 3445 672 3508 ἐν
698 3448 865 3529 γράμμασι,
894 3447 1059 3529 γράμματα
1085 3452 1186 3508 καλῶν
1207 3448 1243 3508 τὰ
1264 3473 1338 3531 συγ-

269 3552 436 3634 γράμματα
458 3555 557 3632 procul
579 3554 668 3614 dubio
690 3574 728 3612 ex
748 3555 793 3613 his
814 3554 893 3613 libris
907 3557 1099 3631 grammaticis
1114 3554 1262 3633 desumpta
1277 3570 1337 3633 est3

270 3680 358 3738 quam
379 3679 430 3717 cur
452 3660 558 3719 Bernh.
580 3663 718 3738 prooemio
741 3663 834 3739 operis
857 3682 889 3721 π.
904 3680 931 3721 κ.
954 3660 1092 3718 attribuat
1113 3682 1173 3720 non
1192 3680 1336 3740 assequor.

270 3763 392 3823 Eisdem
420 3765 502 3825 libris
530 3769 722 3842 grammaticis
751 3765 850 3824 deberi
877 3784 988 3837 censeo,
1013 3784 1089 3844 quae
1109 3765 1201 3824 Varro
1223 3764 1258 3823 de
1278 3787 1337 3828 scr·

269 3890 355 3930 mono
376 3871 465 3930 latino
487 3871 666 3952 (Wilmanns
686 3892 715 3950 p.
738 3877 804 3933 190.
846 3870 974 3930 Gramm.
997 3870 1047 3928 lat.
1070 3870 1141 3928 Keil
1155 3873 1195 3931 IV
1216 3892 1242 3950 p.
1260 3875 1335 3956 530)

271 3995 308 4035 ex
330 3977 523 4037 Eratosthene
553 3979 633 4037 affert
665 3978 757 4056 „hanc
780 3980 855 4035 enim
879 3975 930 4057 (sc.
952 3974 1071 4057 flexam)
1099 3975 1175 4034 flecti
1201 3996 1257 4034 non
1277 3998 1336 4039 uno

270 4080 355 4142 modo
386 4103 485 4142 omnes
512 4092 705 4162 putauerunt,
732 4081 938 4139 Eratosthenes
966 4099 1002 4139 ex
1030 4091 1113 4161 parte
1140 4074 1234 4160 p‘riore
1252 4095 1337 4145 acuta
