2792 4767
620 207 833 270 -.44-

192 384 344 464 Quomodo
365 384 470 443 lnonne
491 377 570 460 apud
592 378 662 440 Hes.
685 374 830 456 explenda
852 378 889 434 sit
904 374 988 434 docet
1001 373 1090 432 schol.
1106 373 1179 451 Lys.
1193 375 1266 434 722.

200 488 202 491 ’
298 505 346 563 nt.
369 503 411 563 M.
437 506 508 572 τοο,
527 505 575 561 54.
879 496 961 553 σαι.
991 498 1078 565 1413,
1098 498 1148 556 οι.

192 608 427 682 Είλασπᾶσθαι,
456 605 491 664 τὸ
519 602 629 681 ὁμοίως
650 604 693 685 τῷ
761 635 805 645 -
819 599 868 659 καὶ
884 599 919 659 τὸ
935 598 1133 671 ίλασπᾶσθαι,
1155 594 1266 656 ὄὲστιν

193 713 261 797 ὄφει
288 713 338 773 καί
365 712 409 795 τῷ
430 686 693 788 σκώληκικῆἴσ-
763 704 873 783 ὁμοίως
902 702 968 787 ὄφει
998 703 1047 763 καὶ
1070 699 1201 781 σκώληκι
1225 701 1265 761 εἷ-

194 822 267 880 θαι·
313 817 362 878 καί
407 812 613 893 εἰλυσπώμενα
656 814 694 874 τὰ
763 813 885 871 λεῖσθαι
918 809 968 869 καὶ
998 811 1148 883 σπᾶσθαι,
1179 807 1266 887 ἤγουν

192 922 407 1007 παραπλησίως
439 928 502 993 τοῖς
531 919 616 1002 ὄφεσι
645 919 695 978 καὶ
764 917 936 978 κινεῖσθαι.
968 907 1064 975 Ὅθεν
1089 914 1139 973 καὶ
1170 913 1266 973 είλύσ-

194 1027 321 1109 σκώληξι
344 1026 512 1104 κινούμενα.
545 1015 619 1085 Ἀπὸ
642 1031 696 1084 τοῦ
764 1039 856 1099 πωμα
885 1021 904 1099 ἦ
933 1020 1057 1099 τοιαύτη
1080 1019 1203 1098 κίνησις.
1228 1057 1264 1064 -

195 1132 343 1196 είλεῖσθαι
366 1132 415 1192 καί
438 1133 588 1192 σπᾶσθαι.
765 1124 878 1198 Αἴλιος
906 1125 940 1186 δὲ
962 1125 1119 1197 Διονύσιος
1142 1125 1267 1184 καὶτοῦ

237 1240 282 1301 Of.
306 1240 376 1300 Hes.
392 1258 414 1302 s.
429 1258 458 1298 v.
481 1234 695 1299 είλιισπᾶσθαι.
766 1229 937 1314 ίθύφαλλος
979 1231 1034 1310 τὴν
1076 1230 1171 1312 ἀρχὴν
1219 1229 1266 1289 διὰ

532 1361 536 1365 ·
599 1368 600 1371 “
766 1336 935 1419 δίφθύγγοιι
956 1335 1074 1419 γροίφει.

197 1464 273 1523 Mira
294 1483 353 1522 uox
376 1461 550 1539 είλύσπωμα
571 1461 692 1519 fortasse
712 1478 808 1518 errore
821 1457 900 1516 Aelii
922 1478 957 1516 ex
981 1453 1187 1533 εἰλασπώμενα
1207 1455 1267 1525 (Et.

196 1568 254 1652 M.)
277 1577 340 1629 orte
362 1576 412 1627 est.
456 1566 564 1626 Bernh.
587 1566 658 1643 frog.
682 1564 833 1624 XXVIII.
878 1561 1017 1636 Schmidt,
1040 1560 1110 1620 Did.
1135 1568 1183 1624 46.

282 1860 338 1918 οι.
360 1839 438 1918 τοι·
464 1852 560 1913 smol.
588 1853 662 1912 nan.
690 1858 781 1918 1093.
815 1841 907 1937 Kee‘
933 1847 960 1910 α
982 1851 1181 1931 Κεραμῆς.
1224 1843 1266 1907 ὀι

196 1961 249 2023 τὸν
270 1960 463 2042 Κεραμεικὸν
485 1958 642 2029 οἰκοῦντες.
679 1955 786 2036 Δῆμος
807 1955 840 2017 δὲ
861 1953 1038 2035 Ἀθηναίων.
1074 1950 1156 2014 Ἐκεῖ
1174 1953 1231 2034 γὰρ
1251 1951 1266 2010 ὁ

194 2062 276 2144 ἀγὼν
298 2061 417 2143 ἐγίνετο.
458 2064 524 2126 Καὶ
547 2062 577 2124 ἓν
600 2061 734 2144 Πλούτῳ
756 2060 867 2144 πρώτῳ
896 2059 908 2144 λλ
938 2063 1008 2121 Τῶν
1022 2056 1267 2140 λαμπαδηφόρων

196 2190 230 2229 τε
244 2171 382 2228 πλεῖστον
404 2166 504 2227 αἰτίαν
525 2173 588 2237 τοῖς
609 2165 749 2238 ὑστάτοις
771 2170 919 2226 πλατειῶν
941 2166 1004 2247 (πλ.
1027 2187 1055 2225 τ.
1077 2165 1143 2230 ύστ,
1166 2161 1267 2242 Diod)

198 2275 271 2351 frog.
293 2293 365 2331 eom.
388 2273 420 2331 II
446 2278 525 2334 1130
544 2269 568 2355 Η.
615 2275 714 2332 Τοῦτο
743 2269 778 2332 δέ
805 2292 896 2353 φησιν
918 2268 1095 2352 Εὐφρόνιος,
1125 2269 1171 2329 ὅτι
1200 2269 1267 2347 ἀγα

198 2375 289 2456 μένου
318 2378 418 2458 (Kuet.
446 2377 506 2437 ἀπὸ
535 2377 613 2460 eod.)
646 2384 701 2436 τού
731 2375 761 2436 ἓν
794 2378 837 2459 τογ’
866 2377 1049 2458 Κεραμεικῷ
1076 2378 1190 2456 ἀγῶνος
1218 2380 1268 2449 τῆς

200 2481 357 2561 λαμπάδος
379 2478 465 2563 (ἔθος
485 2476 522 2561 ἦν
543 2482 610 2542 add.
633 2483 735 2563 Knst.)
759 2481 822 2561 [καί
838 2481 895 2540 del.
911 2481 1012 2559 Rust]
1035 2482 1104 2551 τοὺς
1125 2478 1269 2547 ὑστάτους

199 2584 359 2669 τρέχοντας
380 2586 454 2672 [ἀπὸ
470 2587 526 2650 del.
542 2589 644 2665 Kont]
665 2595 726 2648 τῶν
748 2584 882 2668 δρομέων
905 2586 1005 2668 (Kust.
1028 2584 1177 2667 ἀγοραίων
1192 2581 1268 2663 eod.)

199 2693 369 2755 τύπτεσθαι
391 2693 545 2765 πλατείαις
566 2694 624 2753 dud
646 2700 708 2752 τῶν
731 2692 892 2753 νεανίσκων
911 2691 1006 2773 χερσί.
1050 2690 1116 2751 Καί
1139 2688 1268 2771 λέγονται

202 2794 234 2857 οἳ
255 2806 394 2858 τοιαῦται
417 2799 451 2859 Κ
458 2820 525 2879 ερα
531 2797 665 2876 μεικαί
687 2798 807 2878 πληγαί.
825 2836 865 2845 -
888 2799 1009 2857 Kusteri
1030 2796 1192 2856 emendatio
1215 2814 1269 2854 ma·

199 2905 243 2981 gie
264 2902 360 2983 pleoet
381 2923 468 2982 quam
490 2903 642 2962 Fritzeohii
664 2905 695 2962 in
717 2903 852 2975 editione,
882 2904 947 2965 fort.
971 2911 1068 2961 eutem
1089 2900 1270 2961 scribendum

203 3004 290 3089 (ἔθος
311 3001 361 3088 ἦ)
385 3056 392 3071 .
418 3055 425 3071 .
449 3056 456 3071 .
486 3007 535 3067 καὶ
558 3010 636 3080 τοὺς.
681 3009 889 3086 Fragmentum
919 3027 956 3066 ex
984 3008 1080 3086 priore
1101 3008 1187 3066 Pluto
1208 3013 1272 3086 post

200 3133 300 3174 uooem
321 3112 412 3195 χερσί
438 3111 622 3173 inserendum
650 3133 712 3173 esse
740 3114 872 3173 arbitror.
915 3111 1002 3171 Redit
1024 3112 1189 3190 Euphronii
1209 3110 1271 3170 doo-

199 3222 275 3279 trinn
288 3222 320 3278 in
334 3219 423 3281 schol.
438 3220 513 3282 Rau.
535 3225 623 3282 1096.
649 3220 726 3289 Ταῖς
739 3216 902 3289 πλατείαις.
929 3220 1005 3288 Ταῖς
1020 3216 1175 3288 πλατείαις
1187 3212 1274 3296 χερσί

200 3323 347 3404 δηλονότι.
379 3317 425 3381 Ἢ
442 3321 590 3400 μάστιξιν.
625 3315 672 3381 Ἢ
689 3322 768 3383 οὕτω
788 3319 958 3402 λεγομέναις
972 3323 1270 3403 Κεραμεικαῖςκπλη-

200 3436 267 3512 γαῖς
288 3427 451 3500 πλατείαις.

287 3533 329 3596 Of.
354 3535 424 3596 HeS.
447 3534 646 3616 Κεραμεικαί.
675 3537 828 3596 Πλατεῖαι
850 3532 969 3613 πληγαί.
998 3526 1094 3613 Ἀγὼν
1109 3532 1167 3614 γὰρ
1181 3522 1272 3608 Ἀθή-

200 3661 285 3720 νησιν
305 3639 424 3719 εὐτελὴς
445 3638 477 3700 ἓν
497 3642 541 3723 τῷ
561 3641 755 3723 Κεραμεικῷ,
778 3640 808 3702 ἓν
825 3625 849 3723 ᾧ
862 3638 1005 3699 τύπτουσι
1023 3637 1178 3709 πλατείαις
1188 3634 1272 3718 χερσὶ

202 3747 272 3817 τοὺς
292 3745 334 3824 μὴ
357 3743 517 3826 τρέχοντας
539 3745 588 3805 καὶ
617 3745 687 3816 τοὺς
713 3743 820 3821 ἄλλους
841 3744 1007 3824 ἀγωνιστὰς
1028 3740 1155 3824 γέλωτος
1173 3741 1271 3821 χάριν.

200 3852 286 3912 Phot.
308 3851 507 3932 Κεραμεικαί.
536 3852 687 3911 Πλατεῖαι
712 3849 831 3930 πληγαί.
872 3851 951 3921 Τοὺς
971 3850 1028 3932 γὰρ
1043 3844 1192 3930 ῥαθύμως
1206 3843 1272 3929 τρί-

200 3979 309 4036 χοντοις
328 3956 500 4017 τύπτουσιν.

286 4065 463 4141 Numquae
490 4062 562 4121 alies
584 4060 621 4120 de
642 4059 887 4140 lempndedromia
909 4059 1061 4119 traduntur
1083 4059 1164 4119 uelut
1185 4057 1273 4118 schol.

1381 4177 1382 4268 t

1374 4591 1383 4708 ρ

1380 369 1383 425 Ι
