2792 4767
667 262 860 333 ÷2-—

229 428 316 489 rebus
342 429 456 489 deesset
482 429 669 504 illustrandis,
700 431 793 489 effecit
813 440 847 489 ut
868 429 1071 510 discipulorum
1094 433 1205 505 cohors,
1229 436 1312 493 sicut

230 537 260 593 in
289 534 422 594 omnibus
450 538 578 612 magistri
609 538 732 613 uestigia
751 536 992 615 persequebatur,
1022 538 1108 595 ctiam
1137 537 1310 598 comoediae

231 639 399 699 tractandae
421 661 538 720 operam
560 651 681 701 narraret
703 639 751 720 (cf.
774 642 920 714 Meinehe,
945 642 1010 700 hist.
1035 645 1096 700 crit
1120 664 1149 721 p.
1174 649 1192 703 5
1215 643 1307 724 seq).

231 748 297 805 Huc
328 747 438 804 faciunt
467 746 633 806 Aristotelis
671 748 765 805 Νῖκαι
800 745 999 806 Διονυσιακαί
1029 756 1058 806 et
1088 746 1306 825 Διδασκαλίαι,

230 850 401 910 Dicaearchi
433 870 505 931 opus
537 850 604 932 περὶ
639 859 792 927 μουσικῶν
824 854 886 911 siue
918 852 1126 913 Διονυσιακῶν
1158 852 1307 934 cyniram

230 956 458 1035 Theophrastus,
474 956 655 1030 Chamaeleo,
672 957 812 1015 Eumelus
833 960 924 1016 iustos
942 956 1031 1017 libros
1053 959 1119 1039 περὶ
1141 959 1307 1041 κωμῳδίας

232 1059 470 1141 conscripserunt,
493 1063 628 1140 Lynceus
650 1061 764 1121 Samius
785 1061 822 1121 de
837 1062 998 1122 Menandro
1019 1062 1162 1123 disseruit
1197 1068 1306 1144 Neque

229 1167 267 1225 ab
289 1166 470 1225 Academicis
492 1167 564 1226 haec
588 1167 682 1226 studia
703 1168 790 1247 plane
811 1168 944 1245 neglecta
965 1188 1026 1228 esse
1048 1172 1129 1228 testis
1149 1179 1193 1229 est
1213 1172 1302 1247 Diog.
1362 1203 1363 1208 .

230 1272 326 1331 Laert-
349 1276 391 1335 IV
414 1279 442 1344 4,
469 1278 517 1345 23,
548 1273 693 1332 Cratetem
714 1272 922 1332 Atheniensem
950 1283 1094 1333 mortuum
1121 1267 1211 1334 libros
1233 1274 1303 1356 περὶ

230 1375 390 1458 κωμῳδίας
418 1376 568 1456 reliquisse
597 1377 723 1448 tradens,
767 1379 865 1437 Etiam
893 1381 924 1436 in
945 1378 1111 1439 Philochori
1136 1380 1210 1441 libro
1233 1380 1303 1461 περὶ

230 1488 292 1542 τῶν
307 1477 474 1560 Ἀθήνησιν
495 1480 618 1563 ἀγώνων
645 1480 810 1540 comoediae
831 1480 925 1540 locum
947 1483 1034 1542 lubae
1055 1486 1238 1545 manifestum
1259 1495 1305 1545 est

230 1607 266 1646 ex
293 1587 392 1645 Athen
414 1567 462 1645 x'l
483 1611 512 1667 p.
537 1594 597 1650 464
619 1589 639 1646 f.
679 1587 827 1645 Docemur
855 1596 951 1646 autem
980 1590 1043 1647 sino
1069 1592 1139 1669 ipsis
1160 1590 1303 1651 librorum

229 1692 319 1750 titulis
341 1694 403 1750 siue
424 1693 648 1770 fragmentorum
677 1690 775 1752 indole
797 1693 852 1751 hoc
872 1713 965 1770 genus
986 1693 1144 1754 studiorum
1167 1716 1185 1755 a
1206 1716 1303 1772 gram-

229 1800 332 1856 matica
363 1796 495 1857 doctrina
524 1799 611 1875 longe
642 1798 769 1856 alienum
797 1798 893 1871 fuisse,
927 1819 993 1858 cnm
1022 1820 1120 1859 omnes
1155 1804 1186 1858 in
1214 1801 1303 1859 rebus

229 1903 371 1963 historicis
404 1913 433 1963 et
454 1906 584 1962 scenicis
616 1901 772 1962 tractandis
803 1913 1004 1978 uersarentur,
1038 1905 1076 1963 ab
1110 1914 1171 1963 arta
1203 1908 1303 1962 critica

228 2007 386 2068 factitanda
407 2018 436 2068 et
457 2012 527 2091 ipsis
548 2010 653 2068 fabulis
676 2009 899 2089 interpretandis
922 2029 953 2068 se
976 2009 1161 2068 abstinerent.

314 2116 403 2177 Cuius
425 2119 464 2175 rei
488 2136 592 2193 magna
611 2118 732 2175 mutatio
754 2117 926 2192 inaugurate
948 2124 1000 2187 est,
1017 2124 1171 2194 postquam
1186 2115 1303 2191 egregia

228 2222 389 2281 Ptolemaei
417 2224 448 2279 in
473 2220 582 2279 litteras
604 2222 800 2279 munificentia
820 2220 1017 2279 Alexandriae
1037 2220 1212 2280 bibliotheca
1232 2238 1302 2277 con-

229 2326 290 2384 dita
313 2334 364 2383 est.
411 2323 477 2399 Qua
498 2327 530 2382 in
550 2323 726 2382 bibliotheca
748 2344 813 2381 cum
833 2324 914 2382 libris
935 2325 1066 2404 undique
1081 2335 1221 2385 terrarum
1235 2344 1304 2383 con-

230 2433 317 2508 gestis
350 2431 482 2507 inprimis
514 2436 625 2486 nastam
658 2427 737 2485 illam
770 2426 884 2485 turbam
918 2427 1043 2487 ordinari
1072 2448 1189 2487 necesse
1217 2438 1302 2503 esset,

228 2536 418 2617 Lycophroni
440 2553 544 2592 munus
566 2531 729 2591 comoedias
747 2529 902 2606 colligendi
923 2539 951 2589 et
970 2531 1121 2608 digerendi
1134 2533 1304 2594 mandatum

230 2660 292 2699 esse
313 2649 434 2699 testatur
454 2639 479 2699 Ι.
504 2639 612 2696 Taetza
635 2635 721 2717 (prol.
744 2634 832 2694 schol.
850 2635 940 2694 Arist.
963 2636 1008 2695 cd.
1025 2638 1095 2696 Keil
1114 2639 1190 2699 Mus.
1206 2640 1300 2699 Rhen.

228 2766 257 2804 n.
278 2767 300 2805 s.
324 2750 364 2809 VI
385 2768 412 2826 p.
440 2743 529 2824 110):
559 2738 753 2822 Ἀλέξανδρος
781 2739 797 2800 ὃ
827 2739 968 2812 Αἰτωλὸς
996 2741 1046 2801 καί
1074 2742 1256 2826 Λυκόφρων
1283 2743 1300 2803 ὃ

229 2849 401 2921 Χαλκιδεὺς
421 2848 653 2930 μεγαλοδωρίας
675 2845 783 2927 (potius
799 2845 884 2929 -ίαις)
899 2850 1066 2925 βασιλικοῖς
1081 2847 1301 2932 προτραπέντες

230 2954 413 3037 Πτολεμαίῳ
424 2957 468 3038 τῷ
484 2952 666 3036 Φιλαδέλφῳ
678 2952 732 3023 τὰς
742 2953 883 3032 σκηνικδις
893 2950 1112 3035 διωρθώσαντο
1122 2955 1247 3034 βίβλους
1257 2988 1300 3000 -

235 3055 426 3141 Ἀλέξανδρος
443 3059 550 3142 ὤρθου
572 3059 609 3119 τὰ
632 3057 769 3140 τραγικά,
792 3057 972 3140 Λυκόφρων
990 3060 1027 3118 τὰ
1050 3059 1169 3137 κωμικά
1191 3063 1297 3123 κ.τ.λ.

232 3164 280 3246 (cf.
303 3164 373 3224 ibid.
396 3188 425 3246 p.
446 3173 512 3229 117.
534 3165 737 3245 scholsplaut.
755 3164 804 3245 9);
828 3183 886 3243 qno
908 3185 1028 3224 munere
1050 3168 1090 3223 ita
1111 3167 1226 3223 functus
1246 3174 1298 3238 est,

228 3249 262 3329 ut
289 3271 374 3329 simul
403 3273 433 3329 in
461 3270 558 3351 amplo
586 3290 674 3351 opere
702 3269 768 3352 napi
798 3268 966 3351 κωμῳδίας,
996 3272 1076 3328 cuius
1107 3291 1200 3330 nonus
1227 3270 1300 3329 liber
1362 3275 1363 3332 l

231 3378 372 3435 excitatur
404 3376 489 3457 (frag.
515 3376 578 3456 85),
612 3378 737 3434 rationes
768 3374 854 3434 huius
885 3377 927 3433 rei
960 3379 1127 3456 exposuisse
1158 3376 1296 3434 uideatur.

230 3480 304 3540 Cum
332 3490 429 3540 autem
461 3482 657 3541 recensionem
688 3479 898 3540 comoediarum
925 3500 943 3539 a
973 3481 1169 3561 Lycophrona
1196 3482 1297 3539 factam
1362 3523 1363 3528 .

231 3606 294 3645 esse
315 3586 402 3646 nullis
424 3588 594 3647 testimoniis
615 3585 827 3665 comprobetur,
855 3589 1004 3664 quaeritur
1025 3585 1096 3665 quid
1119 3585 1190 3645 illud
1212 3586 1296 3664 διωρ-

230 3688 376 3751 θώσαντο
397 3693 523 3752 Taetnae
551 3689 606 3750 sibi
634 3692 713 3750 uelit.
759 3690 845 3766 Quod
873 3692 1046 3751 uocabulum
1068 3712 1133 3750 cum
1156 3692 1240 3768 uolgo
1262 3688 1297 3746 de

229 3807 291 3856 arte
320 3799 417 3857 critica
447 3801 477 3856 in
506 3795 688 3855 recensendis
717 3797 797 3856 libris
826 3801 919 3877 posita
940 3807 1103 3878 usurpetur,
1125 3796 1195 3855 Keil
1218 3795 1249 3877 (l.
1272 3813 1295 3851 c.

228 3925 257 3982 p.
283 3903 357 3983 244)
380 3923 445 3962 cum
467 3905 580 3962 criticas
602 3900 742 3961 editiones
763 3922 781 3959 a
799 3902 994 3983 Lycophrone
1015 3912 1044 3961 et
1061 3900 1229 3959 Alexandro
1251 3920 1297 3958 ex·

228 4010 334 4068 hibitas
365 4028 427 4068 esse
456 4010 535 4067 omni
562 4007 766 4088 probabilitate
788 4016 897 4080 careat,
927 4028 988 4065 rem
1010 4009 1051 4063 ita
1072 4004 1125 4062 sibi
1148 4004 1244 4080 fingit,
1266 4013 1298 4062 ut
1362 4025 1363 4062 ι

229 4115 282 4173 hos
312 4116 390 4174 uiros
419 4135 484 4174 cum
512 4117 544 4172 in
573 4113 654 4172 libris
683 4110 884 4171 examinandis
912 4122 1009 4169 utrum
1037 4130 1054 4167 a
1085 4108 1160 4168 bono
1181 4110 1297 4168 librario
1362 4143 1363 4150 .
