2792 4767
557 211 771 275 „39-

123 407 240 471 pauper
266 385 408 464 agricola,
441 386 529 461 igitur
551 381 664 456 ζῶντας
693 392 737 441 est
758 382 926 453 πλουσίους.
973 381 1057 460 Quae
1079 387 1207 464 ineptiae

123 510 247 574 prorsas
268 489 491 569 Lycophronem
516 486 657 547 redolent.

213 642 265 700 51.
285 633 363 700 Ἴθι.
387 633 483 699 schol.
496 634 570 693 Ran.
585 640 655 697 303.
684 630 899 714 Ἡγέλοχος.
911 670 954 682 -
971 632 1009 696 Oi
1024 634 1057 696 δὲ
1072 634 1204 716 λέγοντες

120 744 285 825 ποιήτριαν
314 734 389 802 εἶναι
418 737 470 799 τδν
491 734 651 820 Ἡγίλοχον
672 732 820 819 Ἀθήνησι
850 740 949 823 τούτῳ
970 749 1101 819 συνεχῶς
1119 763 1203 823 χρω-

119 849 218 930 μένην
244 849 287 931 τῷ
316 844 378 907 ἕπει
407 845 457 904 καὶ
480 839 566 903 δίλλα’
589 843 667 903 ἄττα
693 852 755 905 τῶν
777 846 977 924 αὐτοσχεδίως
999 844 1204 908 συντιθέντων

120 955 180 1015 οὐκ
203 953 312 1013 ἀνεκτὰ
334 950 554 1032 τερατεύονται.
591 948 635 1009 cf.
658 971 688 1027 p.
715 955 763 1013 11.

212 1127 268 1186 52.
291 1126 348 1186 Er,
389 1117 589 1201 Phot.(Suid.
632 1121 680 1179 Et.
701 1119 742 1179 M.
766 1120 919 1201 naal).
959 1109 1051 1182 ‘He'
1074 1119 1124 1192 ὅς.
1164 1117 1203 1182 Oi

121 1225 182 1307 μὲν
213 1227 279 1308 περὶ
311 1222 532 1308 Ἐρατοσθένην
566 1224 632 1285 ἀντὶ
668 1232 723 1286 τοῦ
756 1220 813 1307 ἔφη
842 1222 875 1285 δὲ
905 1217 990 1297 οὗτος
1019 1224 1081 1306 (Et.
1105 1225 1146 1285 M.
1171 1226 1204 1299 ὃς

122 1332 212 1392 Phot.
237 1328 343 1414 Saia),
367 1330 486 1391 διὸκαὶ
509 1330 669 1392 δασύνουσι
693 1329 749 1409 τὴν
769 1328 914 1410 ἐσχάτην·
943 1328 1126 1409 ὶντετιίχθαι
1146 1330 1204 1413 γὰρ

121 1437 245 1518 ἄρθρον
273 1436 308 1496 τὸ
338 1433 379 1507 ὅς.
430 1436 497 1496 Καὶ
525 1429 545 1515 ἦ
572 1435 639 1495 ἀντὶ
668 1443 724 1495 τοῦ
751 1431 816 1516 ἔφη,
848 1474 888 1484 -
921 1436 987 1497 Καὶ
1017 1429 1054 1514 ἦν
1080 1429 1111 1496 δ’
1145 1434 1203 1515 ἐγὼ

121 1541 192 1601 ἀντὶ
215 1549 270 1602 τοῦ
291 1538 366 1623 ίφην
388 1530 419 1601 δ’
444 1538 512 1622 lyei.
555 1540 648 1622 Παρδ
677 1540 716 1619 δὴ
741 1541 791 1600 καὶ
816 1534 985 1622 Ἕρμιππος
1014 1539 1045 1601 ἓν
1068 1531 1204 1620 Ἀθηνᾶς

124 1649 234 1718 Γοναῖς
261 1646 329 1725 ἧσίν
358 1645 425 1706 ἀντὶ
453 1653 507 1705 τοῦ
536 1648 627 1728 φησίν
653 1645 664 1731 Η
691 1646 708 1706 ὁ
736 1646 824 1722 Ζεύς,
847 1646 958 1725 δίδωμι
979 1645 1118 1723 Παλλάς,
1141 1645 1202 1724 ἠσί,

120 1751 258 1830 τούνομα
280 1752 375 1831 (Pers.
399 1749 516 1812 διδωνω
538 1752 649 1824 πολλὰς
670 1774 744 1835 φησι
759 1751 849 1835 eod.).
865 1750 877 1835 λλ
892 1752 1031 1833 Sequitur
1043 1753 1203 1813 Aristarchi

122 1858 289 1937 explicatio.
333 1857 429 1918 Schol.
446 1857 536 1937 Vesp.
555 1865 626 1924 795.
660 1847 708 1918 Ἦ
726 1846 757 1918 δ’
783 1857 816 1929 ὃς
838 1856 945 1939 λεἠων·
969 1857 1035 1918 ἀντὶ
1058 1865 1113 1918 τοῦ
1135 1853 1202 1939 ἔφη,

121 1963 175 2023 καὶ
193 1959 272 2023 ἔστιν
291 1961 350 2021 ἀπὸ
371 1970 425 2022 τοῦ
444 1961 508 2041 ἠμί.
545 1960 705 2045 Κέχρηται
724 1960 757 2024 δὲ
771 1964 854 2045 αὐτῷ
876 1971 1007 2041 συνεχῶς
1028 1962 1045 2023 δ
1066 1961 1203 2023 Πλάτων

123 2068 174 2129 ἐπὶ
197 2066 355 2145 μέλλοντος
375 2065 479 2145 μόνου,
503 2064 530 2127 oi
552 2064 732 2145 δι’«κωμικοὶ
753 2067 803 2128 καὶ
825 2066 871 2127 ἐπὶ
888 2074 949 2127 τῶν
964 2068 1063 2127 ἄλλων
1074 2049 1202 2148 χρόνων.

124 2173 214 2251 Quod
236 2167 457 2253 neque‘laouna
478 2173 661 2232 obscuratum
683 2192 746 2232 esse
767 2171 887 2253 (Bernh.
904 2174 975 2252 frag.
989 2171 1083 2254 XIX)
1105 2191 1204 2253 neque

124 2278 330 2356 corrigendum
353 2276 400 2338 ίπλ
423 2276 630 2360 παρελθόντος
645 2279 755 2360 (Koch,
772 2279 844 2357 frag.
861 2298 933 2337 com.
950 2282 1008 2359 lp.
1022 2277 1098 2358 225)
1120 2276 1206 2336 dooet

123 2383 214 2445 sehol.
237 2384 278 2445 Jl.
302 2384 339 2443 A.
355 2388 414 2446 219
438 2382 454 2442 t
477 2380 510 2443 δὲ
530 2382 666 2444 Πλάτων
686 2374 757 2463 μετ)
783 2384 858 2445 αύτδ
879 2380 1011 2466 ἐπιφέρει
1033 2383 1086 2444 τὸν
1106 2380 1202 2464 λόγον.

212 2490 364 2550 Rationem
394 2488 537 2549 scribendi
566 2490 692 2550 debebat
721 2510 866 2572 exponere
889 2490 1107 2562 Eratosthenes,
1138 2509 1203 2548 eum

126 2605 198 2655 tune
219 2596 356 2675 temporis
378 2593 507 2655 ΗΔΟΣ
525 2596 699 2656 scriberetur
720 2597 755 2655 of.
780 2596 852 2655 Hes.
878 2615 900 2659 s.
911 2616 937 2654 v.
962 2593 1058 2665 Ηδος.
1094 2593 1204 2653 Proba·

125 2701 187 2761 bile
216 2702 303 2777 igitur
325 2707 368 2759 est
389 2701 477 2757 etiam
498 2699 627 2779 reliquas
648 2700 735 2760 huius
761 2702 840 2760 uocis
861 2700 1084 2778 significationes
1107 2698 1145 2759 ab
1168 2718 1202 2758 eo

125 2805 270 2866 exhibitas
292 2824 362 2864 esse.
405 2807 465 2865 Iam
487 2823 636 2885 compares

189 2912 287 2991 Epim.
310 2910 397 2968 Hom.
426 2915 493 2983 193,
513 2914 563 2971 28.
818 2910 928 2971 Herod.
950 2910 983 2970 II
1005 2916 1077 2974 904.

131 3003 178 3073 Ἦ
183 3013 201 3073 δ
209 3012 350 3085 εις-Ὁ
364 3015 497 3098 Τρύφων
507 3014 523 3075 δ
535 3036 627 3097 ηραμ-
696 3010 883 3096 Ἡρωδιανὸς
902 3014 934 3076 ἓν
947 3017 991 3099 τῷ
1006 3014 1101 3075 αύτού
1114 3014 1201 3092 Συμ·

124 3119 251 3198 ματικδς
266 3119 416 3201 (συναινεῒ
426 3121 531 3185 Velsen
546 3120 627 3203 add.)
697 3120 793 3204 ποσίῳ
809 3121 996 3182 δασύνεσθαι
1014 3121 1050 3179 τὸ
1065 3112 1137 3197 ἦδος
1152 3116 1201 3180 λί·

124 3232 187 3296 τοῖς
209 3224 370 3288 δασύνουσι
390 3226 444 3306 τὴν
459 3223 536 3298 λίξιν
552 3224 627 3284 ταύ-
696 3247 740 3307 χει
769 3226 843 3308 πρὸς
872 3234 962 3286 τινῶν
992 3224 1034 3297 ὡς
1058 3225 1118 3285 ἀπὸ
1148 3232 1202 3285 τοῦ

124 3351 189 3409 την,
219 3330 297 3393 διότι
326 3332 385 3391 ἀπὸ
411 3340 466 3392 τοῦ
487 3330 627 3410 ἥδεσθαι,
697 3331 760 3410 ἥδω
783 3332 832 3392 καί
848 3339 902 3411 τῆς
915 3332 1033 3411 ἡδονῆς.
1062 3327 1201 3412 Ἕκρίνα-

125 3436 142 3495 ὃ
163 3436 300 3515 σημαίνει
322 3437 358 3497 τδ
379 3435 555 3520 τέρπεσθαι,
578 3433 626 3517 γέ·
695 3458 752 3516 μεν
773 3436 816 3515 δὲ,
839 3437 928 3521 φησί,
952 3439 1067 3516 μᾶλλον
1089 3433 1122 3497 δι’
1143 3450 1201 3513 sps·

125 3562 206 3622 γονε·
251 3543 301 3601 καί
343 3540 445 3625 ὥσπερ
480 3541 539 3602 ἀπὸ
573 3549 628 3602 τοῦ
696 3543 828 3602 λοῦσθαι
864 3541 949 3603 αύτύ.
1004 3540 1134 3624 Φίρεται
1168 3539 1202 3603 δὲ

126 3643 271 3708 ἕλκεσθαι
304 3646 419 3728 ἐγένετο
455 3646 542 3720 ἕλκος
577 3648 626 3707 καί
696 3645 746 3705 καί
776 3648 876 3709 κανὼν
905 3656 1057 3719 τοιοῦτος·
1091 3647 1130 3708 τὰ
1160 3646 1202 3720 είς

127 3750 288 3835 ἐφυλάχθη
320 3754 356 3814 τὸ
392 3753 467 3814 αὐτὸ
498 3762 627 3832 πνεῦμα,
695 3753 731 3824 a}
752 3752 894 3837 οὐδέτερα
915 3753 1083 3830 δισύλλαβα
1107 3751 1201 3835 ἀρχό·

126 3857 219 3930 ούτως
248 3859 298 3919 καὶ
327 3860 387 3920 δπδ
415 3868 470 3920 τοῦ
497 3859 626 3939 ἥδεσθαι
695 3880 773 3937 μενα
801 3857 861 3919 δπδ
889 3860 977 3941 φύσει
1002 3867 1122 3940 μακρᾶς
1142 3872 1200 3935 φι-

126 3956 222 4048 (ἦδος)
231 3963 355 4046 φυλάξει
366 3966 402 4026 τὸ
413 3963 488 4025 αύτδ
499 3972 626 4043 πνεῦμα.
695 3967 800 4025 λοῦται
822 3965 858 4025 τδ
877 3958 945 4025 κατ’
971 3965 1067 4047 ἀρχὰς
1083 3970 1201 4046 φωνῆεν

165 4069 274 4131 Velsen
296 4093 325 4148 p.
351 4078 377 4131 7.
696 4064 758 4131 οἷον
780 4064 874 4148 εὖχος,
896 4064 978 4150 ἦδος.
