2792 4767
645 253 859 317 ,38-

256 427 382 490 47.Er.
411 426 659 496 Eust.1579‚28.
679 420 718 485 Οἳ
751 423 754 523 1
785 423 871 484 Phot.
902 421 1089 484 Εύκλεία·
1123 421 1237 482 καὶτὰ
1261 420 1298 482 ὅ·

212 531 271 613 γὰρ
312 530 433 591 παλαιοὶ
473 526 602 592 Ἀττικοὶ
639 529 718 589 κατὰ
786 549 875 606 μοια·
898 527 1002 607 μακρὰ
1021 527 1040 606 ἡ
1060 525 1218 587 τελευταία
1241 526 1297 586 καὶ

214 633 333 697 Αἴλιον
376 634 536 702 Διονύσιον
579 632 718 707 ίξίτεινον
787 634 1000 716 παροξύνεται·
1019 630 1119 715 ῶσπερ
1134 632 1184 692 καὶ
1199 627 1297 713 Ἔρα-

214 746 270 818 τὰς
301 754 363 806 τῶν
391 745 534 806 τοιούτων
563 744 719 823 ὀνομάτων
786 743 933 825 τοσθίνης
963 744 994 804 ἓν
1023 730 1144 824 Batoi
1167 742 1298 824 (κωμῳ-

215 851 370 932 ληγούσας.
404 850 463 911 Διὸ
483 850 534 910 καὶ
550 847 719 930 παρώξυναν
787 848 878 930 δίας.)

216 955 305 1018 αύτά.
349 952 392 1016 Ἡ
411 955 515 1036 ἀγνοία
536 952 594 1037 γάρ
615 976 707 1036 φησιν
730 952 831 1036 ἔλεγον
852 953 903 1015 καὶ
928 955 948 1033 ἡ
970 953 1138 1014 εύκλεία.
1182 952 1296 1032 Καλὴ
1369 977 1370 1002 ι

217 1058 318 1141 ἱερεία.
354 1061 420 1121 Καὶ
442 1061 462 1139 ἡ
484 1060 620 1120 ύναιδεία
642 1058 677 1120 δέ
696 1081 788 1141 φησιν
807 1059 857 1119 καὶ
880 1060 899 1138 ἡ
922 1059 1056 1140 προναία.
1092 1047 1148 1119 Ὧν
1169 1056 1298 1119 πόντιον

217 1165 377 1228 ἐκτείνεται
403 1164 460 1246 μὲν
486 1166 506 1245 ἡ
529 1164 694 1240 τελευταία,
718 1165 736 1244 ἡ
759 1163 792 1225 δὲ
814 1164 872 1246 πρὸ
893 1166 987 1243 αὐτῆς
1016 1165 1161 1237 ὀξύνεται.
1206 1163 1296 1224 Ohoe-

218 1272 328 1332 roboae.
353 1271 401 1353 (Β
413 1272 452 1333 Α.
468 1270 561 1351 1314)
601 1267 638 1331 Oi
664 1266 824 1351 Ἀθηναῖοι
847 1269 893 1329 ἐπὶ
916 1279 978 1330 τῶν
999 1270 1050 1330 διὰ
1072 1278 1126 1331 τού
1148 1271 1195 1330 εῖιῖ
1216 1292 1296 1352 προ-
1370 1259 1371 1342 ζ

160 1354 163 1362 ¹
217 1375 426 1457 παροξυτόνων
454 1375 572 1454 μακρὸν
593 1383 710 1437 ποιοῦσι
732 1375 768 1436 τὸ
790 1379 809 1435 ι“ι
831 1376 882 1435 καὶ
904 1375 1143 1455 καταβιβύζουσι
1164 1374 1218 1435 τὸν
1239 1373 1295 1435 τύ-

218 1505 277 1557 νον,
305 1482 355 1543 καὶ
387 1480 570 1563 φυλάττουσι
601 1479 655 1559 τὴν
674 1482 702 1540 “ε“ι
731 1480 907 1563 δίφθογγον,
937 1475 1000 1541 οἷον
1027 1482 1160 1561 ἀλήθεια
1186 1488 1298 1552 κοινῶς
1371 1541 1372 1584 ,

218 1588 268 1648 καὶ
291 1588 422 1667 ἀληθεία
439 1582 592 1660 Ἀττικῶς,
616 1582 708 1668 ἱέρεια
730 1595 835 1659 κοινῶς
857 1586 907 1646 καὶ
930 1583 1022 1669 ἱερειά
1045 1583 1199 1663 Ἀττικῶς,
1229 1586 1296 1646 εύ-
1371 1605 1372 1646 I

218 1695 329 1752 κλεια
351 1700 457 1763 κοινῶς
478 1692 529 1751 καὶ
551 1692 668 1752 εύκλεία
690 1682 843 1764 Ἀττικῶς.

308 1797 404 1862 schol.
421 1798 493 1858 Eur.
507 1796 558 1859 Or.
577 1803 626 1862 36.
649 1792 824 1858 Ἐκτίτατιιι
846 1797 881 1857 τὸ
904 1794 993 1858 ᾶτού
1007 1796 1123 1858 εύκλειά
1140 1793 1297 1867 Ἀττικῶς.

219 1902 263 1963 cf.
287 1904 336 1964 Et.
359 1905 401 1963 M.
433 1909 504 1977 462,
528 1909 556 1965 6.
601 1901 777 1981 Obloquitur
807 1901 917 1963 Herod.
944 1904 972 1962 Π
1000 1903 1109 1971 451,Ι
1140 1907 1218 1975 362,
1247 1908 1295 1965 11.

221 2014 293 2083 273,
311 2014 350 2071 25
372 2009 411 2069 al.
455 2008 562 2069 Bemh.
581 2008 655 2086 frag.
679 2006 792 2066 XLIV.
833 2008 973 2071 Schmidt.
994 2007 1064 2067 Did.
1089 2015 1138 2069 55.

305 2220 362 2277 48.
385 2219 439 2276 Εν.
478 2217 578 2277 Cicero
599 2217 637 2275 ad
660 2218 721 2275 Att.
744 2216 790 2275 VI
816 2220 908 2289 1,18.
946 2214 1019 2292 Quis
1042 2218 1117 2275 enim
1138 2236 1199 2275 non
1221 2213 1298 2274 dixit

221 2318 355 2380 Εύπολιν
383 2319 436 2378 τὸν
464 2328 519 2398 τῆς
548 2320 675 2403 ἀρχαίας
701 2322 738 2380 ab
765 2319 917 2380 Alcibiade
938 2324 1094 2399 nangante
1115 2323 1147 2380 in
1168 2319 1296 2380 Siciliam

221 2424 364 2484 deIeetum
386 2443 460 2483 esse·
478 2427 509 2483 in
530 2424 631 2484 mare?
668 2426 829 2503 Redarguit
850 2425 1072 2486 Eratosthenes:
1107 2427 1190 2484 affert
1218 2428 1298 2485 enim

221 2549 294 2609 quas
316 2528 365 2589 ille
387 2530 504 2608 pontid
526 2540 641 2611 tempus
662 2531 775 2591 fabulae
797 2531 934 2591 docuerit.
979 2532 1058 2591 Num
1080 2530 1186 2591 idcirco
1206 2530 1299 2590 Duris

221 2635 336 2696 Samius
357 2635 443 2696 homo
465 2639 495 2695 in
518 2637 637 2698 historie
659 2636 791 2715 dIIIgeus,
814 2635 893 2717 quod
915 2656 979 2696 eum
999 2636 1097 2696 multis
1119 2638 1235 2710 errauit,
1259 2638 1298 2694 ir·

220 2741 353 2802 ridetur?
386 2740 429 2801 CI.
445 2743 512 2801 hist.
525 2746 587 2802 erin
606 2751 672 2807 105.
703 2743 881 2821 Autolycum
896 2741 1016 2800 alteram
1027 2752 1092 2823 poet
1102 2740 1148 2803 01.
1164 2741 1255 2803 XCII
1272 2754 1297 2801 1.

223 2845 336 2905 doctam
359 2866 422 2906 esse
443 2856 563 2907 constat.
607 2847 715 2907 Bernh.
738 2849 809 2924 frag.
832 2846 1015 2908 XXXVIII.

308 3062 364 3120 49.
389 3055 462 3120 *En
506 3058 604 3122 schol.
620 3060 676 3140 Eq.
692 3065 753 3121 279
772 3058 881 3140 (said.)
903 3059 1162 3138 Ζῶμεύματα.
1182 3090 1226 3103 -
1249 3057 1298 3117 Τὰ

222 3159 366 3242 λεγόμενα
400 3160 593 3241 ὑποζώματα.
639 3162 712 3225 Εἰσὶ
746 3160 779 3223 δι’
810 3163 883 3235 ’ξύλα
913 3172 974 3223 τῶν
1007 3171 1089 3224 νεῶν.
1129 3160 1210 3225 Ἀντί
1242 3169 1300 3222 τοῦ

222 3265 315 3326 εἰπεῖν
335 3266 521 3348 ύποζώματα
543 3264 624 3331 εἶπεν
645 3269 687 3341 ὡς
708 3268 783 3350 πρὸς
803 3266 946 3350 μάγειρον
967 3267 1081 3343 παίζων
1103 3267 1297 3347 ζωμεύματα,

223 3370 264 3443 ῶς
296 3371 451 3453 ἀρτύσεοιν
484 3369 623 3458 ἔμπειρον
655 3375 705 3434 καὶ
738 3372 950 3452 ζιομευμύτιον.
988 3371 1146 3456 Ἀπείρητο
1175 3371 1208 3433 δὲ
1237 3371 1300 3432 ἀπὸ

228 3473 370 3557 Ἀθηνῶν
392 3472 504 3560 ἐξάγειν
525 3479 598 3551 ’ξύλα
620 3479 670 3539 καὶ
693 3480 812 3541 πίσσαν.

310 3582 381 3643 Hes.
412 3583 624 3662 Ζοιμεύματα·
654 3582 856 3664 ὑποζώματα,
885 3571 1106 3664 σχοινίακατὰ
1127 3582 1222 3665 μέσην
1244 3582 1302 3662 τὴν

225 3694 300 3748 ναύν
321 3687 533 3767 δεσμευύμενα.
579 3690 622 3751 Of.
646 3691 718 3768 frag.
739 3698 785 3752 15.

310 3898 362 3957 50.
387 3892 444 3957 *L.
489 3895 585 3956 schol.
609 3895 687 3957 Nub.
713 3902 784 3959 396.
826 3894 892 3955 Καὶ
914 3894 1108 3976 καταφρύγει.
1131 3929 1174 3939 -
1199 3893 1244 3953 Τὸ
1266 3888 1303 3952 δι’

225 3997 375 4074 ζῶντάς
396 4021 474 4072 τινες
496 4001 562 4062 ἀντὶ
584 4008 639 4061 τού
660 3999 819 4071 πλουσίους
837 4000 978 4078 ἤκουσαν.
1016 3998 1080 4059 Om.
1093 3999 1130 4058 V.
1146 4000 1180 4061 R.
1209 3998 1304 4058 Putat

225 4108 368 4188 intetpres
391 4105 503 4180 ζῶντας
524 4116 554 4166 et
575 4107 655 4186 ἡμᾶς
670 4107 807 4187 eppoeita
829 4123 899 4164 esse.
936 4103 1116 4183 Strepeiedee
1136 4112 1235 4163 autem
1258 4111 1307 4163 eet
