2792 4767
554 214 769 278 ..31-

210 389 269 449 25.
298 388 337 450 L.
359 388 414 448 Er.
457 386 565 446 Athen.
595 384 644 444 XI
667 383 765 447 501d.
810 383 968 466 Κρατίνου
999 379 1034 442 δ’
1068 379 1201 454 εἰπόντος

119 489 155 551 έν
171 490 356 574 Δραπιτίσι·
374 488 386 574 ΙΙ
402 488 529 570 δέχεσθε
545 487 658 573 φιάλας
675 487 767 549 τάσδε
789 485 1170 570 βαλανειομφάλους
1185 461 1218 572 Μ’

118 591 347 677 Ἐρατοσθένης
367 595 399 657 ἓν
420 598 464 680 τῷ
483 590 633 677 ἑνδεκάτῳ
653 594 721 675 περὶ
744 594 905 677 κωμῳδίας
925 593 980 673 τὴν
994 590 1071 667 λέξιν
1086 594 1202 674 ἀγνοεῖν

120 722 199 783 φησι
220 699 430 784 Λυκόφρονα·
453 700 594 782 τῶνγὰρ
616 701 733 782 φιαλῶν
755 697 781 761 οἱ
805 700 935 783 ὀμφαλοὶ
957 699 1086 759 καὶτῶν
1104 701 1200 777 βαλα-

120 805 211 867 νείων
242 804 270 867 οἱ
302 805 393 867 θόλοι
426 804 604 888 παρόμοιοι·
639 803 681 876 είς
713 802 747 865 δὲ
779 805 815 865 τδ
844 799 922 876 εἶδος
950 785 1004 865 οόκ
1031 804 1202 886 ἀρρύθμως

118 910 291 987 παίζονται.
331 908 443 973 Ἀπίων
470 909 503 972 δὲ
526 911 575 971 καὶ
599 908 758 990 Διόδωρός
780 931 870 992 φησι·
901 909 1008 992 φιάλαι
1030 910 1130 983 ποιαί,
1159 902 1202 971 ὧν

118 1016 137 1077 δ
162 1017 301 1099 ὀμφαλὸς
321 1016 529 1098 παραπλήσιος
547 1016 654 1100 η’θμῷ.
685 1011 721 1076 Ὁ
737 1013 770 1076 δὲ
784 1016 965 1096 Μυρλεανός
980 1012 1202 1096 Ἀσκληπιάδης

120 1118 154 1182 ἔν
177 1128 242 1194 τοῖς
265 1121 333 1202 περὶ
355 1120 530 1203 Κρατίνου·
557 1118 816 1202 βαλανειόμφαλοι
845 1117 989 1202 λέγονται,
1018 1119 1065 1181 ότι
1095 1118 1121 1180 οἱ
1144 1121 1200 1199 ὀμ-

120 1228 215 1310 φαλοὶ
243 1228 346 1286 αὐτῶν
374 1225 431 1286 καλ
453 1233 515 1285 τῶν
535 1224 704 1303 βαλανείων
726 1222 753 1285 οἶ
775 1222 865 1286 θόλοι
887 1224 988 1303 δμοιοί
1007 1225 1090 1286 τίσιν.
1134 1227 1200 1286 Καὶ

120 1331 262 1409 Δίδυμος
296 1328 328 1389 δὲ
361 1330 399 1390 τὰ
429 1330 507 1391 αὐτὰ
542 1330 633 1392 εἰπὼν
665 1331 872 1413 παρατίθεται
903 1328 969 1411 (τὰ)
997 1328 1201 1413 Λυκόφρονος

123 1434 222 1507 οὕτως
255 1432 377 1514 ἔχοντα·
410 1435 471 1495 ἀπό
503 1443 564 1496 τῶν
597 1435 744 1517 ὀμφαλῶν
776 1444 837 1496 τῶν
866 1435 897 1496 ἓν
926 1443 993 1507 ταῖς
1021 1435 1202 1517 γυναικείαις

123 1538 253 1617 πυέλοις,
276 1540 351 1601 όθεν
372 1546 434 1613 τοῖς
456 1541 595 1622 σκαφίοις
613 1541 767 1622 ἀρύουσιν.
803 1542 958 1623 Τίμαρχος
973 1537 1005 1601 δ’
1022 1539 1053 1600 ἐν
1067 1539 1202 1623 τετάρτῳ

123 1646 193 1724 περὶ
216 1654 270 1708 τού
291 1643 530 1729 Ἐρατοσθένους
546 1643 676 1729 Ἑρμοῦ·
701 1643 876 1725 πεπαῖχθαί
890 1666 937 1716 τις
954 1641 991 1703 ἀν
1012 1644 1132 1725 οἰηθείη
1147 1647 1202 1725 τὴν

122 1748 211 1829 λέξιν,
245 1750 323 1813 διότι
354 1753 393 1812 τὰ
421 1756 547 1813 πλεῖστα
575 1760 637 1812 τῶν
667 1748 816 1832 Ἀθήνησι
846 1749 1015 1828 βαλανείων
1044 1751 1201 1831 κυκλοειδῆ

122 1864 191 1929 ταῖς
219 1865 420 1930 κατασκευαῖς
447 1856 520 1918 άντα
549 1860 620 1930 τοὺς
649 1856 813 1938 ἴξαγωγοός
842 1852 901 1935 ίχει
928 1855 1007 1916 κατὰ
1028 1852 1130 1933 μέσον,
1152 1853 1200 1938 ἐφ’

123 1954 161 2024 αὖ
177 1966 312 2041 χαλκοῦς
334 1962 471 2046 ὀμφαλός
493 1960 620 2024 ἔπεστιν.

210 2069 282 2128 Hes.
299 2066 453 2150 βαλανε(ι)
472 2067 639 2149 ομφάλους·
663 2066 743 2127 οὕτω
757 2067 912 2148 Κρατῖνος
925 2064 1062 2144 ὠνόμασε
1079 2065 1203 2148 (φιάλας

122 2171 192 2233 αδδ
215 2172 372 2254 Schmidt.)
400 2171 455 2244 τὰς
484 2171 609 2251 έχούσας
636 2174 793 2255 ὀμφαλοὺς
814 2161 883 2232 άνευ
905 2169 1083 2252 προσώπων,
1105 2171 1201 2233 δποῖοι

125 2274 154 2338 οἶ
175 2276 266 2338 θόλοι
289 2276 320 2337 ἓν
341 2284 405 2349 τοῖς
425 2278 603 2355 βαλανείοις.
643 2276 687 2340 Οἳ
705 2275 738 2338 δὲ
759 2277 819 2359 (vel
840 2275 873 2357 ἢ)
896 2278 955 2338 ἀπό
976 2285 1038 2338 τῶν
1056 2277 1202 2360 ὀμφαλῶν

125 2390 188 2443 τῶν
216 2379 247 2444 ἐν
276 2390 340 2455 τοῖς
369 2383 437 2466 (leg.
461 2383 542 2465 ταῖς)
570 2380 688 2455 πυέλοις
718 2382 821 2465 (Mein.
844 2384 949 2456 ὁποίας
978 2380 1006 2443 οἵ
1035 2382 1123 2444 θόλοι
1154 2381 1201 2444 ἐπὶ

125 2496 187 2549 τῶν
209 2490 383 2571 ὀφθαλμῶν
404 2497 467 2549 τῶν
488 2487 519 2550 ἓν
540 2495 604 2561 τοῖς
625 2487 744 2561 πυέλοις
772 2486 802 2550 ἐν
831 2496 895 2561 τοϊς
918 2488 1090 2567 βαλανείοις
1111 2487 1201 2569 ασελ).

125 2595 168 2657 Of.
192 2597 226 2654 B.
249 2595 307 2655 An.
332 2600 403 2669 225,
421 2602 449 2658 6.
485 2593 566 2655 Suid.
590 2615 613 2656 s.
632 2616 659 2653 v.
693 2594 768 2654 Poll.
789 2594 835 2655 VI
858 2601 908 2661 98.
945 2595 1199 2666 Eust.1261,22

125 2701 309 2761 Athenaeum
331 2701 491 2780 exscripsit.
528 2701 615 2777 διας.
638 2719 710 2758 eom.
736 2703 766 2761 ΙΙ
789 2707 828 2762 49
852 2699 950 2777 Bergk
971 2717 1073 2757 comm.
1097 2720 1126 2776 p.
1150 2703 1200 2760 64.

121 2804 265 2880 Schmidt.
288 2804 358 2864 Did.
383 2809 432 2866 42.
472 2806 579 2865 Bernh.
602 2805 674 2882 freg.
697 2803 849 2863 XXXVI.

209 3019 269 3079 26.
306 3018 346 3079 L.
368 3018 424 3078 Er.
468 3014 636 3075 Athen.VI
657 3037 686 3093 p.
715 3011 821 3099 1390}
846 3022 936 3094 140e.
961 3051 1003 3059 -
1030 3011 1207 3092 Πολέμων·-

127 3119 201 3201 πρός
219 3118 253 3179 ὃν
270 3117 432 3200 ἀντιλέγων
447 3118 584 3197 Δίδυμος
605 3117 621 3178 δ
642 3118 852 3200 γραμματικός
865 3155 909 3168 ·-
924 3118 1090 3200 διαρρήδην
1109 3117 1201 3201 λέγων

127 3221 224 3303 μάζας
245 3223 277 3286 ἓν
291 3232 359 3297 ταῖς
374 3224 474 3285 κοπίσι
488 3223 723 3306 παρατίθεσθαι
737 3260 780 3269 -
801 3234 889 3285 τοῦτο
903 3225 961 3307 γὰρ
975 3221 1007 3284 αἱ
1025 3222 1201 3307 βάρακες

128 3329 275 3410 δηλοῦσιν,
298 3330 363 3408 οὐχὶ
391 3330 538 3411 τολύπας,
569 3327 611 3401 ὣς
631 3351 704 3412 φησι
727 3327 917 3412 Λυκόφρων,
940 3327 960 3409 ἢ
982 3331 1021 3391 τὰ
1042 3328 1200 3413 προφυρά-

126 3458 208 3516 ματα
230 3442 293 3496 τῶν
312 3434 426 3514 μαζῶν,
450 3435 491 3508 ὡς
512 3432 736 3518 Ἐρατοσθένης
756 3458 785 3500 κ.
798 3458 825 3496 τ.
838 3439 865 3495 λ.

211 3542 281 3602 Hee
304 3539 454 3623 βάρακες·
484 3541 523 3601 τὰ
544 3540 771 3623 προφυράματα
794 3549 848 3619 τῆς
867 3538 974 3620 μάζης.
1015 3537 1144 3602 Ἀττικοὶ
1168 3538 1201 3600 δὲ

128 3646 271 3730 βήρηκας.
317 3646 416 3727 Ληλοῖ
436 3644 468 3707 δι’
491 3646 540 3708 καὶ
562 3647 616 3727 τὴν
638 3645 779 3726 τολύπην.

211 3753 286 3814 Ibid.
310 3753 434 3834 τολύπη.
481 3753 530 3814 Τὰ
551 3750 777 3834 προφυράματα
799 3758 860 3811 τῶν
880 3748 994 3828 μαζῶν,
1025 3750 1044 3810 ἃ
1070 3751 1119 3811 καὶ
1141 3750 1200 3828 βή-

131 3879 220 3942 ρηκας
240 3862 392 3923 καλοῦσιν.

212 3966 256 4025 Of.
280 3962 351 4024 ibid.
375 3985 398 4027 s.
421 3985 448 4023 v.
471 3960 631 4044 βάρ[β]αξ.
668 3961 742 4021 Poll.
766 3961 811 4021 VI
835 3968 883 4022 77.
922 3962 971 4020 Et.
994 3962 1035 4020 Μ.
1063 3964 1131 4032 188,
1149 3965 1198 4022 39.

129 4073 203 4134 Num
218 4071 301 4129 Eust.
322 4076 410 4143 1414,
423 4076 462 4132 30
486 4087 538 4127 sue
552 4069 704 4128 Athenaeo
727 4088 764 4127 en
787 4067 927 4126 Atticistis
949 4064 1053 4124 debeat
1067 4062 1200 4125 dubitare
