2792 4767
148 1397 197 1434 um
220 1374 292 1433 mihi
316 1374 453 1452 proposui
475 1370 513 1429 de
531 1370 742 1450 Lycophrona,
764 1371 944 1448 Euphronio,
968 1371 1161 1431 Eratosthene

87 1391 147 1539 C
171 1480 344 1536 comicorum
373 1477 579 1557 interpretibus
609 1475 764 1548 disserere,
798 1497 858 1535 rem
886 1477 927 1534 sic
955 1475 1161 1536 instituendam

85 1602 149 1642 esse
177 1585 292 1656 censui,
327 1592 360 1642 ut
390 1585 513 1663 primum
545 1584 643 1661 paucis
667 1584 830 1661 praemissis
859 1571 1030 1660 descriptis
1058 1581 1162 1639 horum

84 1689 301 1747 triumuirorum
317 1687 353 1745 ad
370 1687 547 1748 comoediam
564 1686 776 1767 pertinentibus
794 1688 956 1764 fragmenta
973 1705 1071 1744 eorum
1086 1705 1161 1745 com·

85 1813 235 1874 ponerem.
287 1794 387 1874 Atque
416 1814 480 1852 cunr
509 1794 712 1872 Lycophronis
747 1801 776 1851 et
803 1792 966 1871 Euphronii
993 1791 1162 1868 fragmentis

85 1899 308 1957 Eratostheniea
341 1902 398 1959 iam
428 1920 446 1957 a
479 1899 516 1960 G.
544 1897 735 1977 Bernhardyo
767 1898 886 1957 collecta
919 1896 1160 1977 (Eratostheniea,

85 2004 214 2063 Berolini
244 2008 331 2076 1822,
366 2026 395 2082 p.
427 2002 609 2084 nos-237)
643 2012 797 2083 propterea
827 2003 1003 2076 consociam,
1036 2002 1116 2080 quod
1144 2024 1162 2061 a

87 2110 283 2188 Lycophrona
305 2110 418 2183 seiungi
438 2117 589 2185 nequeunt
611 2117 639 2165 et
660 2108 801 2166 nonnulla
815 2106 924 2165 addere
938 2105 1013 2168 licet.
1048 2107 1163 2166 Deinde

88 2234 126 2273 ex
159 2216 272 2291 scriptis
304 2213 497 2288 grammaticis
529 2231 565 2270 ea
596 2232 672 2291 quae
703 2233 740 2270 ex
774 2213 878 2271 horum
909 2210 991 2269 libris
1022 2214 1162 2288 originem

85 2326 237 2377 traxerunt
266 2337 354 2396 quam
382 2307 604 2395 locupletissime
624 2317 727 2376 afferre
749 2316 861 2389 studui,
897 2336 962 2374 curn
984 2319 1024 2375 sic
1047 2316 1162 2376 demum

89 2422 229 2484 eiusmodi
259 2423 482 2498 fragmentorum
512 2421 693 2481 collectiones
720 2424 879 2481 fructuosa-s
903 2422 965 2480 fore
986 2421 1162 2481 eredendum

86 2533 125 2589 sit
153 2526 202 2607 (cf.
225 2527 333 2599 Naber,
364 2526 436 2605 prol.
460 2549 488 2605 p.
515 2525 557 2605 3).
601 2527 662 2588 Ubi
691 2527 912 2606 lexicographos
941 2547 1000 2586 non
1030 2531 1161 2607 apposui,

88 2633 127 2693 ad
148 2633 242 2696 locum
264 2652 323 2690 non
345 2633 462 2691 faciunt.
496 2633 575 2691 Tum
596 2652 633 2691 ex
655 2634 829 2692 scholiorum
850 2633 994 2709 farragine
1012 2633 1161 2707 nonnulla,

88 2759 165 2819 quae
188 2741 251 2797 sine
279 2741 403 2797 auctoris
431 2740 548 2796 nomine
573 2737 678 2797 tradita
701 2738 836 2818 operibus
858 2758 957 2795 eorum
977 2737 1076 2817 aliqua
1097 2758 1162 2796 eum

86 2843 292 2925 probabilitate
317 2843 437 2902 attribui
458 2862 543 2921 posse
564 2839 729 2917 crederem,
761 2846 867 2902 inserui
889 2842 1010 2915 selecta,
1034 2851 1067 2901 ut
1088 2843 1163 2902 hanc

88 2951 287 3029 quaestionem
310 2949 401 3025 magis
423 2956 530 3006 motam
552 2968 614 3007 esse
636 2949 724 3008 uelim
738 2969 825 3028 quam
841 2949 1007 3007 confectam.
1042 2949 1163 3007 Restant

88 3057 165 3113 enim
194 3053 353 3134 permulta,
385 3055 415 3111 in
444 3053 550 3132 quibus
580 3055 708 3114 haereas.
753 3053 811 3113 Sed
841 3056 865 3112 si
894 3055 1011 3112 omnino
1033 3074 1098 3133 spes
1120 3062 1163 3112 est

90 3158 198 3217 scholia
219 3168 317 3218 nostra
337 3158 376 3217 sd
397 3158 526 3235 singulos
547 3170 678 3217 auctores
700 3161 799 3218 referri
827 3180 920 3238 posse,
952 3157 1005 3215 hac
1026 3162 1075 3217 uia
1096 3179 1162 3239 pro·

89 3262 250 3321 cedendum
273 3283 335 3322 esse
355 3264 488 3323 arbitror.

611 3433 636 3495 I.

166 3593 330 3645 ecrescente
351 3588 431 3664 poesi
450 3584 562 3645 Graeca
583 3606 649 3645 curn
669 3596 832 3667 temporum
853 3591 925 3646 ratio
947 3590 1039 3664 magis
1060 3591 1163 3666 magis·

89 3603 162 3753 D
179 3710 238 3769 que
260 3709 294 3749 eo
317 3687 488 3763 deduceret,
512 3699 544 3750 ut
565 3694 621 3776 uiri
643 3690 720 3750 docti
741 3693 942 3770 intellegentes
967 3694 1163 3773 praeterlapso

90 3803 219 3873 tempore
240 3795 318 3853 floris
340 3798 398 3853 iam
420 3816 492 3875 opus
514 3816 577 3855 esse
598 3796 693 3873 largos
715 3798 824 3857 fructus
846 3799 956 3857 horreis
980 3798 1104 3857 condere
1124 3798 1163 3857 ad

95 3898 219 3957 studium
248 3900 409 3959 litterarum
429 3920 491 3959 sese
513 3911 729 3975 conuerterent,
757 3903 905 3963 comoedia
925 3905 1022 3962 Attica
1044 3924 1103 3961 non
1122 3903 1165 3961 ul·

92 4003 160 4058 timo
181 4003 243 4061 loco
266 4005 365 4064 habita
387 4014 439 4064 est.
484 4006 583 4085 Atque
605 4009 656 4085 qui
678 4011 806 4067 omnium
822 4008 1013 4067 doctrinarum
1029 4010 1163 4087 princeps

92 4112 121 4164 et
141 4114 241 4164 auctor
263 4120 305 4168 est
326 4109 477 4170 habendus
499 4111 678 4184 Aristoteles,
709 4130 775 4171 euin
803 4133 841 4171 ne
862 4112 1025 4172 comoediae
1046 4112 1163 4191 quidem

140 4213 280 4262 stream,
296 4216 430 4262 Dissertatio.
960 4214 972 4264 l

465 4381 683 4560 'mesre
