2792 4767
539 181 752 246 „23-

200 354 271 413 Hes.
295 350 357 413 θία
378 348 450 432 τιαρ)
473 351 603 433 αίγείρου
626 350 806 433 (παρεγείροι
820 348 910 433 cod).
946 347 1047 421 Τόπος
1060 347 1191 432 αἴγειρον

104 456 201 538 ἔχων,
223 456 298 518 ὅθεν
318 454 482 539 ἐθεώρουν.
526 456 661 536 Ευτελὴς
683 454 717 517 δὲ
738 451 834 517 ἐθάκει
855 454 876 533 ἡ
898 451 1041 515 ἐντεῦθεν
1060 455 1189 537 θεωρία·

104 560 273 646 μακρόθεν
292 562 351 645 γὰρ
372 555 409 641 ἦν
431 562 481 622 καὶ
503 559 615 623 εὐώνου
636 561 652 621 d
675 559 766 633 τόπος
787 558 939 621 ἐπωλεῖτο.

199 689 250 749 Nil
270 692 340 749 noui
363 689 502 749 exhibent
523 690 608 748 Phot.
625 684 704 748 θίαν
718 682 790 768 παρ’
804 683 933 767 αἴγειρον
949 685 1018 768 (leg.
1034 683 1189 767 αι’γείρου).

105 792 194 855 Suid.
224 792 355 875 αλγείρου
385 792 446 854 θία
475 804 504 853 et
533 789 585 854 ἀπ’
614 790 746 874 αἰγείρου
774 788 845 852 θία.
889 792 923 851 Β.
953 792 1011 851 An.
1042 798 1113 864 419,
1142 798 1189 854 15.

105 898 160 958 m.
185 900 227 959 u.
252 908 324 974 444,
345 907 381 962 ιι
404 900 476 979 frag.
498 920 570 959 sm.
593 903 624 962 11
650 903 719 965 rso.

200 1023 304 1083 Eidem
325 1024 421 1085 tribuo
442 1025 532 1084 schol.
555 1024 674 1084 Thesm.
693 1029 752 1085 395
777 1021 827 1103 (cf.
848 1021 929 1081 Suid.
945 1041 969 1080 s.
993 1022 1056 1104 λκρί
1073 1022 1098 1105 ).
1136 1018 1191 1094 Ὡς

108 1125 157 1188 ἔτι
188 1127 301 1208 ίκρίοιν
318 1127 413 1188 ίίντιον
442 1128 473 1189 ἐν
503 1132 546 1211 τῷ
573 1127 699 1210 θεάτρῳ
728 1126 778 1187 καὶ
806 1123 837 1187 ἓν
864 1131 931 1196 ταῖς
952 1123 1121 1207 ἐκκλησίαις
1143 1125 1190 1188 ἐπὶ

108 1233 211 1305 ξύλων
235 1230 441 1311 ’καθημένων
489 1234 573 1315 Πρὶν
607 1233 665 1314 γὰρ
699 1229 841 1314 γενέσθαι
876 1231 912 1291 τὸ
949 1228 1082 1313 θέατρον
1117 1230 1191 1304 ’ξύλα

110 1335 274 1415 ἐδέσμευον
302 1337 352 1397 καὶ
382 1336 478 1410 οὕτως
506 1335 667 1419 ἐθεώρουν.
713 1344 849 1403 Fortasse
875 1339 962 1396 etism
989 1337 1046 1396 huc
1067 1338 1193 1417 pertinet

109 1443 201 1501 Phot
218 1443 370 1523 Ληναῖον.
403 1443 572 1526 Περίβολος
592 1441 685 1525 μίγας
701 1440 878 1523 Ἀθήνησιν,
898 1439 929 1503 ἓν
951 1428 975 1525 ᾦ
989 1444 1059 1514 τοὺς
1074 1443 1191 1524 ἀγῶνας

110 1538 187 1627 ἦγον
222 1546 281 1630 πρὸ
318 1556 373 1608 τοῦ
407 1549 443 1609 τὸ
472 1547 605 1631 θέατρον
634 1548 888 1629 οἰκοδομηθῆναι,
920 1546 1114 1624 ὀνομάζοντες
1144 1547 1192 1607 ἐπὶ

109 1651 265 1736 Ληναίῳ·
288 1649 369 1714 ἔστιν
391 1652 424 1714 δὲ
446 1653 477 1715 ἓν
499 1654 653 1738 αὐτῷκαὶ
677 1652 756 1734 ἱερὸν
776 1653 925 1714 Διονύσου
946 1653 1102 1734 Ληναίου.
1147 1652 1191 1713 Of.

111 1758 185 1817 Hes.
209 1755 256 1817 sni
272 1759 407 1843 Ληναίῳ
429 1770 458 1818 et
472 1759 606 1838 Λίμναι.
639 1762 673 1819 Β.
695 1760 754 1819 An.
779 1764 850 1833 278,
863 1765 891 1823 8.
915 1758 1005 1819 schol.
1021 1757 1094 1818 Ach.
1120 1764 1192 1821 504.

110 1865 188 1923 Rau.
214 1870 284 1928 216.

201 1991 308 2050 ΑΙίοοο
323 2010 388 2050 oum
399 1990 628 2050 Eratosthenicis
641 1992 798 2049 commixta
813 2008 877 2049 esse
890 1989 1028 2049 uidentur
1040 2008 1088 2067 ep.
1105 1988 1191 2047 Phot.

114 2094 208 2177 ἴκρια·
243 2095 282 2154 τὰ
309 2092 341 2154 ἓν
370 2100 408 2176 τῇ
437 2094 541 2179 ἀγορᾷ,
571 2090 625 2176 ἀφ’
655 2085 697 2154 ὧν
727 2091 860 2155 ἐθεῶντο
885 2095 955 2165 τοὺς
977 2092 1193 2166 Διονυσιακοὺς

115 2201 236 2280 ἀγῶνας
268 2198 339 2281 πρὶν
371 2195 391 2277 ἢ
421 2201 706 2279 κατασκευασθῆναι
739 2199 774 2259 τὸ
806 2198 837 2260 ἓν
867 2198 1017 2260 Διονύσου
1049 2196 1192 2280 θέατρον.

116 2305 162 2365 ef.
185 2305 311 2364 Peussn.
333 2324 381 2383 ep.
404 2304 488 2363 Eust.
516 2309 611 2377 1472,
635 2311 663 2367 5.
709 2305 779 2365 Hes.
805 2305 893 2387 inpia.
938 2305 1011 2364 Poll.
1035 2305 1096 2364 VII
1123 2310 1191 2369 125.

116 2409 319 2484 Wechsmut'h,
342 2408 417 2471 Stdt.
439 2409 547 2468 Athen.
570 2409 586 2468 I
610 2416 670 2472 510
693 2420 753 2469 not.
797 2411 904 2470 Bernh.
928 2410 1000 2488 fmg,
1023 2408 1190 2475 xxxvll,

116 2513 248 2574 Schmidt
268 2513 337 2574 Did.
362 2521 413 2580 55.

202 2791 237 2849 4.
263 2782 342 2848 *Em
365 2784 454 2843 schol.
478 2786 552 2844 Rau.
580 2789 670 2851 1206.
714 2782 921 2865 Αἴγυπτος
948 2783 989 2855 ὡς
1017 2780 1193 2851 οπλεῖστος

119 2887 263 2972 ἔσπαρται
292 2887 386 2970 λόγος.
426 2885 589 2971 Ἀρχελάου
622 2887 701 2969 αὕτη
733 2888 814 2951 ἐστὶν
846 2890 865 2969 ἡ
898 2888 995 2970 ἀρχή,
1031 2884 1072 2958 ὥς
1103 2907 1191 2957 τινες·

118 2994 249 3072 ψευδῶς.
291 2994 337 3055 Οὐ
357 2994 415 3077 γὰρ
438 2991 559 3077 φέρεται
582 3003 634 3054 νῦν
648 2993 816 3077 Εὐριπίδου
837 2993 922 3076 λόγος
936 2992 1033 3065 οὐδεὶς
1046 3000 1191 3064 τοιοῦτος.

126 3099 170 3159 Οὐ
189 3098 248 3181 γάρ
270 3097 343 3175 ἔστι,
373 3099 464 3180 φησὶν
481 3096 686 3181 Ἀρίσταρχος,
717 3109 771 3161 τοῦ
786 3097 959 3183 Ἀρχελάου,
990 3098 1018 3159 εί
1036 3098 1080 3177 μη
1102 3097 1194 3170 αὐτὸς

121 3201 285 3283 μετέθηκεν
307 3202 440 3287 ὕστερον.
480 3201 516 3266 Ὁ
537 3202 570 3265 δὲ
587 3202 806 3288 Ἀριστοφάνης
834 3204 869 3264 τὸ
892 3202 922 3276 ἔξ
944 3205 1039 3285 ἀρχῆς
1060 3201 1194 3281 κείμενον

123 3303 192 3374 ελσε.
236 3308 359 3369 Schneei
385 3310 581 3393 additamento
609 3310 690 3392 (οὐχ)
714 3309 793 3390 αίίτη
814 3312 1045 3390 interpunctione
1066 3317 1195 3368 correcto

123 3435 216 3475 cerere
236 3436 397 3496 possumne.
432 3417 510 3476 Ante
524 3417 752 3497 Aristophanem
774 3419 915 3496 interpres
936 3415 1042 3494 uliquis
1056 3413 1194 3473 Archelai

123 3524 232 3582 initium
261 3540 324 3581 esse
352 3520 435 3581 dixit.
479 3520 555 3598 Quis
583 3523 670 3582 fuerit
697 3524 804 3595 nescio,
827 3520 879 3580 sed
900 3520 1073 3600 Euphronio
1094 3518 1193 3593 tribui,

125 3631 189 3708 quis
210 3629 434 3708 Aristophanem
456 3630 532 3687 inter
552 3646 659 3708 paucos
680 3627 745 3686 illos
766 3629 946 3706 interpretes,
969 3627 1108 3706 quiante
1127 3645 1193 3684 eum

125 3734 240 3808 fuerint,
274 3734 406 3814 inprimis
433 3733 598 3814 Euphronii
627 3734 758 3810 magistri
786 3734 1005 3792 commentarios
1033 3733 1193 3811 respexisse

53 3835 58 3844 '
126 3836 214 3898 credo.
259 3839 303 3899 of.
326 3840 398 3916 frog.
421 3839 510 3915 'Pr-eg.
533 3836 579 3897 ed.
601 3836 715 3897 Nauck.
739 3859 768 3916 p.
785 3844 857 3900 340.
894 3837 983 3896 Arist
1004 3839 1076 3915 Byz.
1093 3856 1122 3914 p.
1141 3842 1191 3899 63.

126 3942 216 4020 Bergk
238 3954 389 4003 comment
415 3967 443 4023 p.
466 3950 516 4007 95.
657 3957 660 3963 “
