2792 4767
513 264 727 325 ..15-

81 439 114 494 in
143 454 261 511 grauem
290 435 492 512 posteriorem,
519 431 693 491 Theodorus
714 442 810 491 autem
832 432 989 510 aliquando
1011 436 1097 491 etiam
1120 454 1156 492 ex

83 543 167 617 graui
200 542 230 597 in
257 541 413 597 acutiorem
442 536 612 597 excendere.
658 535 792 597 Ceterum
821 538 915 596 Varro
945 540 975 596 in
1004 547 1158 618 utramque

83 653 194 724 partem
221 646 332 703 moueri
360 644 547 715 arbitratur“,
570 662 747 721 quamquam
770 642 980 703 Wilmannsius
1001 667 1031 724 p.
1056 651 1093 705 61
1118 645 1156 703 ad

83 748 187 808 librum
210 751 350 808 musicum
378 750 426 809 uel
455 749 687 809 mathematicum
710 749 806 806 refert.
850 750 1073 808 Eratosthenem
1094 771 1155 808 ma-

82 856 202 932 gistrum
231 857 314 933 sequi
343 852 460 911 uidetur
485 853 695 933 Aristophanes
717 855 807 932 Byu,
839 852 930 934 (apud
953 853 1058 913 Arcad.
1088 860 1154 917 188.

86 967 176 1035 14-5,
192 960 297 1019 Nauck
311 982 341 1040 p.
361 966 394 1023 13
411 959 487 1041 seq.)
510 978 607 1038 neque
628 958 761 1017 dissentit
779 958 933 1018 scholiasta
947 960 1034 1018 Dion.
1047 960 1156 1017 Thrac.

80 1066 115 1124 B.
142 1066 200 1134 An.
233 1088 261 1145 p.
287 1072 357 1137 756,
384 1070 440 1138 213
470 1065 507 1123 ci.
536 1062 606 1122 ibid.
637 1070 713 1126 1159
738 1085 768 1136 ς,
803 1062 959 1122 Herodian.
990 1065 1006 1121 I
1033 1072 1079 1136 10,
1109 1070 1153 1131 13.

81 1168 284 1231 Consideranti
317 1178 414 1227 autem
442 1169 666 1227 Eratosthenem
694 1171 725 1225 in
755 1166 924 1226 duodecimo
957 1168 1031 1228 libro
1061 1171 1157 1247 operis

81 1276 166 1370 (frag.
183 1276 237 1356 47)
261 1276 458 1353 quaestionem
478 1294 559 1333 mere
579 1277 795 1351 grammaticam
816 1276 992 1346 tractauisse,
1017 1273 1155 1333 librorum

79 1383 333 1458 grammaticorum
355 1382 522 1457 ceteroquin
543 1383 697 1457 uestigium
719 1399 779 1438 non
801 1398 871 1452 esse,
903 1381 934 1437 in
955 1388 1091 1459 promptu
1113 1386 1156 1437 est

80 1486 220 1563 suspicari
248 1483 322 1542 duos
350 1483 438 1543 libros
467 1488 667 1562 grammaticos
695 1505 755 1544 non
777 1486 872 1542 minus
893 1492 982 1562 atque
1002 1491 1155 1544 onomasti·

80 1609 145 1648 cum
168 1598 280 1668 partem
301 1591 396 1669 operis
417 1590 484 1670 περὶ
507 1590 667 1673 κωμῳδίας
688 1592 784 1649 fuisse.

166 1692 253 1755 Omni
284 1695 489 1775 probabilitate
521 1716 632 1756 cassum
665 1706 723 1769 est,
758 1695 836 1776 quod
868 1694 1006 1754 Stiehlius
1035 1692 1154 1773 (Philol.

80 1800 175 1879 suppl.
198 1801 231 1859 Π
253 1800 329 1880 456)
359 1801 415 1859 sibi
436 1800 519 1878 fingit
540 1821 613 1879 opus
634 1801 835 1860 Eratosthenis
858 1799 895 1858 de
919 1800 1054 1872 Homero,
1077 1799 1156 1857 unde

79 1914 193 1983 sumpta
214 1907 301 1965 fuerit
322 1905 485 1965 obseruatio
507 1905 544 1964 de
565 1905 646 1964 duali
668 1905 752 1986 (frag,
766 1905 831 1985 35),
847 1925 915 1963 nam
929 1903 1037 1962 Euseb.
1054 1924 1153 1983 praep.

79 2027 123 2067 ev.
148 2014 180 2071 X
202 2032 231 2090 p.
256 2018 317 2072 492
334 2032 359 2069 a.
405 2012 606 2071 Eratosthenis
627 2011 874 2090 chronographica
895 2011 1011 2087 respicit
1033 2008 1153 2089 (Bernh.

77 2135 108 2192 p.
133 2113 220 2196 246).
265 2113 352 2191 Quod
381 2125 477 2175 autem
499 2116 706 2175 Eratosthenes
735 2119 766 2174 in
793 2116 846 2174 hac
867 2115 1071 2174 obseruatione
1091 2133 1155 2173 uer·

77 2238 142 2277 sum
166 2219 287 2278 Homeri
316 2224 467 2294 excitauit,
498 2221 567 2282 inde
597 2241 656 2281 non
685 2224 777 2298 magis
804 2217 966 2296 colligenda
996 2228 1039 2277 est
1066 2222 1152 2279 inter-

76 2325 202 2402 pretatio
225 2324 353 2398 Homeri,
375 2345 463 2404 quam
485 2346 522 2384 ex
543 2328 614 2404 hag.
632 2333 649 2388 9
673 2328 870 2410 interpretatio
894 2324 1025 2405 Hesiodi,
1048 2325 1096 2384 uel
1116 2321 1160 2383 ex*

75 2427 149 2504 frag.
176 2435 214 2490 66
244 2431 441 2512 interpretatio
470 2431 627 2513 Euripidis.
673 2431 808 2491 Ceterum
840 2451 878 2490 ne
910 2430 1024 2489 dubites
1054 2432 1153 2490 confer

75 2533 125 2591 Et.
151 2554 188 2591 m.
214 2538 284 2610 280,
308 2542 356 2601 28.

164 2635 277 2712 Quodsi
298 2642 396 2722 aliqua
417 2663 482 2702 eum
505 2642 709 2723 probabilitate
723 2641 924 2700 Eratosthenis
946 2644 1152 2700 onomastieum

77 2749 108 2800 et
136 2741 226 2802 libros
254 2751 461 2821 grammaticos
482 2747 520 2806 ad
542 2767 613 2827 opus
643 2746 710 2827 περὶ
739 2746 899 2829 κωμῳδίας
927 2747 1059 2806 retulisse
1080 2746 1151 2804 mibi

74 2846 187 2921 uideor,
211 2851 268 2907 iam
290 2852 434 2931 quomodo
457 2853 586 2932 reliquae
608 2856 702 2932 operis
724 2862 820 2933 partes
841 2855 1014 2911 constitutae
1033 2852 1150 2921 fuerint,

74 2966 174 3014 utrum
196 2960 314 3035 proprio
337 2957 435 3016 libello
465 2957 502 3017 de
531 2959 617 3017 rebus
638 2958 743 3016 Atticis
770 2957 892 3036 publicis
914 2968 943 3017 et
963 2961 1092 3038 priuatis,
1116 2957 1152 3016 de

74 3061 165 3120 rebus
194 3065 313 3121 scenicis
343 3072 371 3120 et
399 3064 541 3123 historicis
570 3066 660 3141 egerit
685 3084 723 3121 an
745 3066 942 3143 interpretatio
964 3062 1002 3122 ad
1023 3063 1152 3139 singulas

73 3166 191 3225 fabulas
204 3167 418 3227 accommodate
432 3170 526 3239 fuerit,
543 3172 574 3228 in
592 3168 686 3227 medio
701 3168 924 3247 relinquendum
937 3177 988 3228 est.
1019 3170 1151 3226 Transeo

73 3275 166 3351 igitur
186 3270 225 3332 ad
247 3271 500 3333 demonstrandum
523 3284 663 3353 quantum
685 3274 887 3333 Eratosthenis
914 3293 1002 3353 opere
1023 3273 1150 3334 studium

72 3375 244 3438 comoediae
264 3379 425 3458 profecerit.
463 3380 561 3458 Atque
579 3382 603 3438 si
617 3382 732 3459 quaeris
747 3399 823 3459 quae
835 3377 979 3459 praesidia
994 3382 1020 3437 ei
1035 3389 1149 3458 praesto

72 3485 198 3554 fuerint,
230 3502 267 3541 ex
292 3484 493 3563 Lycophronis
520 3485 595 3545 libro
624 3488 675 3544 uix
697 3485 789 3543 multa
809 3484 892 3542 utilia
912 3504 1025 3543 sumere
1046 3487 1148 3563 potuit.

71 3593 153 3652 Num
177 3589 341 3667 Euphronii
362 3610 435 3670 opus
457 3590 591 3650 habuerit
612 3589 732 3649 dubium
753 3599 805 3648 est.
844 3595 879 3652 In
901 3588 987 3647 rebus
1006 3590 1149 3648 historicis

72 3717 139 3757 eum
163 3693 325 3754 didascaliis
348 3705 377 3753 et
398 3699 510 3776 scriptis
532 3696 731 3756 historicorum
755 3715 838 3754 usum
861 3713 923 3754 esse
943 3695 1078 3772 fragili,
1096 3700 1145 3768 38,

73 3809 113 3864 48
139 3800 176 3858 al.
205 3799 317 3858 docent.
361 3801 619 3881 Peripateticorum
648 3804 755 3880 scripta
783 3800 820 3859 ab
843 3819 877 3859 eo
904 3801 979 3859 lecta
1008 3819 1070 3859 esse
1095 3821 1147 3879 pu·

72 3905 195 3966 tandum
211 3914 254 3964 est
269 3906 354 3986 (trag.
365 3906 428 3987 48),
446 3907 641 3986 Theophrasti
656 3908 803 3966 historiam
818 3906 982 3985 plantarum
996 3905 1080 3987 (frag.
1096 3904 1145 3985 16)

71 4011 109 4071 ad
142 4009 263 4069 uerbum
295 4014 496 4090 transscripsit.
546 4013 636 4071 Porro
667 4013 825 4071 Homerum
857 4009 1015 4070 Hesiodum
1044 4009 1146 4067 Archi·

70 4116 190 4179 lechum
200 4101 208 4186 ,’
233 4119 356 4193 tragicos
378 4117 415 4175 al.
439 4116 535 4176 studio
556 4116 708 4196 amplexus
730 4126 783 4180 est.
823 4115 929 4175 Omnia
951 4118 1047 4191 igitur,
1070 4132 1147 4191 quae
