2792 4767
546 244 739 307 „7-

99 419 273 494 Metagonio
296 419 390 476 Aurae
419 414 456 474 ab
478 415 647 490 Aristagora
669 421 836 473 retractatas
868 412 948 493 (hist.
971 415 1033 472 crit.
1056 436 1085 493 p.
1111 419 1181 478 220.

97 525 179 600 frag.
206 522 257 604 84)
289 525 507 601 interpretatum
532 539 595 578 esse
623 519 783 595 fragmenta
809 517 923 577 docent
968 517 1056 594 Quod
1083 528 1181 579 utrum

102 632 183 688 iusto
217 628 290 688 libro
322 625 389 708 arpi
421 623 583 707 κωμῳδίας
614 645 652 684 an
684 627 895 684 commentariis
926 624 1026 684 fecerit
1058 623 1181 685 discerni

96 736 216 813 nequit.

195 836 272 901 Cum
302 845 399 896 autern
428 835 464 894 de
493 836 579 894 huius
607 836 732 893 hominis
760 836 820 893 uita
850 843 879 894 et
906 843 1000 895 aetate
1026 855 1118 914 usque
1143 856 1177 896 eo

98 944 278 1004 dissentiant
305 944 360 1001 uiri
388 939 479 1014 docti,
510 949 543 999 ut
563 940 613 999 alii
636 960 701 999 eum
723 942 816 1018 primo
838 961 868 1019 p.
892 940 960 1001 Chr.
983 941 1106 1015 sacculo,
1129 942 1179 1001 alii

97 1053 190 1109 tertio
213 1069 238 1108 a.
262 1049 330 1109 Chr.
353 1049 463 1106 uixisse
483 1045 674 1120 contendant,
698 1047 774 1104 hane
794 1048 992 1124 quaestionem
1013 1049 1112 1126 paucis
1133 1067 1177 1106 re·

99 1152 283 1214 tractandam
305 1171 367 1211 esso
389 1151 483 1210 credo.
529 1149 614 1226 Quae
635 1152 760 1229 primum
782 1160 860 1210 mota
881 1161 924 1211 est
945 1173 971 1210 a.
1000 1158 1088 1223 1838,
1112 1172 1178 1212 curn

98 1259 137 1319 Ο.
156 1256 352 1318 Schneiderus
375 1255 424 1336 (de
446 1264 502 1314 vot.
526 1258 557 1313 in
572 1256 662 1315 Arist.
684 1256 773 1315 schol.
797 1257 869 1318 font.
891 1279 920 1336 p.
937 1264 986 1329 87,
1002 1279 1031 1337 p.
1048 1265 1087 1319 74
1103 1258 1177 1339 not.)

97 1371 263 1423 commotus
284 1364 316 1420 ni
336 1362 421 1421 fallor
441 1361 550 1420 scholio
562 1360 618 1420 Av.
636 1368 714 1424 1379
737 1362 941 1441 Euphronium
961 1365 1037 1421 inter
1055 1361 1178 1441 Didymi

99 1478 132 1528 et
154 1467 299 1527 Athenaei
327 1475 451 1526 aetatem
479 1468 567 1526 fuisse
589 1469 735 1540 statuent,
762 1467 797 1525 R.
820 1466 997 1526 Schmidtius
1019 1466 1071 1548 (de
1092 1467 1178 1529 Calli·

99 1581 194 1633 strato
215 1572 427 1652 Aristophaneo
447 1594 476 1649 p.
497 1570 551 1652 21)
574 1590 612 1629 ex
633 1570 740 1631 Suidae
761 1572 858 1633 uerbis
875 1569 1093 1655 Ἀριστοφάνης
1116 1575 1177 1634 Βυ-

101 1675 221 1752 ζάντιος
241 1714 285 1723 -
305 1675 450 1755 μαθητὴς
464 1712 508 1727 -
524 1674 685 1737 Διονυσίου
708 1685 764 1737 τοῦ
782 1673 908 1756 Ἰάμβου
930 1679 979 1738 καὶ
1002 1679 1177 1761 Εὐφρονίδα

100 1793 157 1845 τοῦ
185 1783 358 1865 Κορινθίου
386 1778 406 1860 ἢ
433 1780 599 1841 Σικυωνίου
627 1781 705 1840 hunc
733 1783 953 1864 Euphronidam
974 1786 1178 1865 Aristophanis

101 1892 272 1967 magistrum
299 1910 358 1948 non
387 1886 534 1947 diuersum
561 1906 623 1946 esse
651 1890 805 1948 coniecerit
832 1888 870 1948 ab
892 1890 1063 1970 Euphronio
1091 1894 1176 1950 comi-

99 2016 200 2055 corum
231 2003 404 2054 enarratore.
449 1992 545 2069 Quam
567 1996 740 2052 sententiam
768 1994 822 2054 sibi
844 1994 994 2075 probatam
1015 1996 1177 2075 paullulum

101 2102 267 2160 immutauit
295 2098 445 2159 Nauckius
475 2096 577 2178 (Arist.
607 2100 678 2176 Byr.
708 2120 737 2178 p.
762 2104 779 2159 2
811 2098 902 2180 seq.),
932 2104 983 2179 qui
1011 2112 1175 2181 comparato

100 2206 253 2264 Athenaeo
277 2208 318 2265 VI
349 2209 405 2264 241
433 2222 459 2261 e.
504 2200 627 2280 Μάχων
659 2202 674 2263 ὃ
706 2203 930 2285 κωμῳδιοποιὸς
962 2204 978 2265 ὁ
1007 2206 1177 2287 Κορίνθιος

101 2307 158 2388 μὲν
185 2306 204 2388 ἢ
226 2306 390 2378 Σικυώνιος
419 2305 637 2388 γενόμενος-
663 2309 713 2368 καὶ
740 2308 920 2380 διδάσκαλος
939 2309 1095 2390 γενόμενος
1115 2320 1177 2372 τῶν

102 2413 182 2473 κατὰ
203 2413 365 2495 κωμῳδίαν
385 2421 486 2495 μερῶν
503 2409 737 2495 Ἀριστοφάνους
757 2423 811 2475 τοῦ
833 2425 1046 2496 γραμματικοῦ
1066 2437 1176 2477 summa
1273 2488 1282 2500 ⁴

99 2539 165 2577 cum
194 2519 398 2600 probahihtate
425 2517 504 2599 apud
528 2519 649 2578 Suidam
676 2520 860 2581 scribendum
882 2541 946 2581 esse
966 2521 1104 2581 iudicauit
1125 2523 1175 2582 aul

98 2623 273 2706 Εὐφρονίάα
295 2633 349 2685 τοῦ
373 2673 380 2689 .
404 2673 412 2689 .
436 2670 443 2685 .
470 2624 533 2706 (καί
556 2623 713 2703 Μάχωνος
734 2625 800 2707 τοῦ)
822 2626 996 2706 Κορινθίου
1015 2623 1035 2705 ἢ
1057 2627 1175 2688 Σικυω-

104 2729 177 2794 νίου.
211 2732 297 2789 Hanc
315 2732 487 2790 sententiam
506 2751 565 2789 non
583 2732 746 2808 infringrmt
762 2731 942 2791 Gerhardius
959 2738 1020 2812 p.2
1043 2742 1072 2791 et
1087 2734 1175 2792 Bern·
1277 2811 1279 2815 λ

103 2835 231 2914 hardyus
255 2835 334 2916 (hist.
358 2835 412 2895 litt.
437 2834 505 2894 Gr.³
528 2835 574 2898 112
599 2834 673 2917 669)
695 2837 899 2916 Euphronium
919 2840 996 2896 inter
1017 2839 1175 2897 Aristarchi

104 2941 258 3020 discipulos
279 2950 463 3001 numerantes
471 2940 508 3023 4).
554 2941 662 3001 Contra
683 2941 719 2999 R.
742 2941 893 3002 Schmidtii
915 2944 1107 3002 coniecturam
1130 2964 1174 3002 ac·

104 3050 180 3126 cepit
200 3048 241 3105 M.
265 3046 440 3106 Schmidtius
463 3045 545 3126 (Did.
569 3069 598 3127 p.
623 3046 698 3128 294)
721 3055 750 3106 et
771 3047 900 3106 stabilire
920 3046 1039 3106 studuit.
1076 3049 1175 3128 Atque

104 3170 195 3230 paene
209 3160 291 3210 extra
302 3150 512 3211 dubitationem
522 3154 593 3232 poni
608 3152 696 3228 credo
706 3173 808 3212 uerum
822 3151 930 3212 uidisse
940 3152 1175 3213 RSchmidtium

104 3257 262 3315 coniunctis
283 3256 433 3316 Strabonis
456 3266 485 3316 et
506 3257 595 3317 schol.
619 3258 778 3338 Hephaest
801 3260 972 3318 testimoniis
993 3256 1042 3339 (of.
1065 3259 1172 3337 Bergk,

104 3361 181 3420 auth.
205 3359 276 3439 lyr.2
299 3383 327 3440 p.
351 3361 462 3442 XCII).
505 3364 614 3421 Notum
640 3371 683 3423 est
704 3353 782 3422 uiros
803 3362 902 3423 doctos
923 3366 1025 3423 aetatis
1046 3363 1173 3425 Alexan·

186 3671 208 3738 4)
225 3675 304 3725 Modo
322 3674 388 3723 mihi
406 3674 488 3725 allata
501 3679 541 3724 est
552 3675 697 3739 disputatio
709 3676 788 3724 Blaui
799 3675 848 3736 „de
860 3674 1006 3726 Aristarchi
1018 3675 1171 3743 discipulis“

106 3764 242 3826 inscripta,
268 3765 313 3827 qui
339 3781 364 3829 p.
386 3764 419 3814 68
443 3779 497 3827 seq.
532 3762 716 3826 Euphronium
738 3762 884 3813 Aristarchi
910 3764 1070 3829 discipulum
1092 3767 1173 3817 fuisse

106 3852 222 3900 euincere
246 3852 340 3900 studet.
376 3851 428 3900 Sed
451 3856 481 3900 ut
503 3856 589 3900 cetera
613 3852 746 3913 omittam,
771 3866 838 3915 quae
857 3851 996 3901 Schmidtii
1017 3857 1173 3904 sententiam

105 3952 156 3985 non
178 3937 311 3999 refellunt,
331 3939 423 4003 quidni
442 3938 523 3988 schol.
541 3941 621 4004 Vesp.
641 3940 690 3991 696
708 3939 783 4005 (frag.
803 3938 851 4002 57),
876 3956 928 4005 quo
953 3944 1066 3991 maximo
1090 3944 1174 3991 utitur

106 4028 262 4088 argumento,
281 4028 481 4090 interpretemur
500 4027 685 4093 „Euphronius
697 4029 763 4077 dicit
780 4028 867 4077 locum
885 4044 901 4078 a
919 4045 947 4078 se
965 4031 1041 4095 signo
1054 4034 1173 4078 notatum

106 4126 167 4172 esse,
187 4112 249 4173 quia
267 4129 288 4161 e.
298 4129 318 4163 c.
328 4120 347 4164 t.
373 4118 385 4165 ?
403 4116 435 4166 cf.
454 4132 479 4180 p.
495 4119 533 4167 10.
