2792 4767
641 255 684 263 ..
728 218 856 282 56...

300 390 384 449 Phot
408 389 546 450 Λάκου
568 386 694 460 δεκάς.
721 381 824 469 Ἥρως
845 388 920 466 πρὸς
933 394 996 460 τοῖς
1011 383 1160 469 Ἀθήνησι
1182 390 1278 450 δικασ-

213 494 327 576 τηρίοις
355 503 417 556 τῶν
444 494 563 577 θηρίων
590 494 711 576 μορφὰς
740 490 824 572 ἔχων,
853 493 928 574 πρὸς
949 493 983 553 ὃν
1004 491 1030 554 οἱ
1052 494 1280 576 δωροδοκοῦντες

216 601 295 661 κατὰ
326 598 398 660 δέκα
430 598 674 682 συνεστρέφοντο.
719 599 762 660 cf.
793 597 863 659 ibid.
893 619 916 665 s.
939 620 966 657 v.
999 600 1019 678 ἦ
1049 600 1163 660 Λύκου
1190 598 1279 671 δεκάς.

216 706 286 765 Hes.
310 705 422 766 Λάκου
451 703 549 776 δεκάς.
594 705 702 765 Zenob.
726 705 755 762 V
779 708 807 765 2.
852 703 984 785 Apostol.
1006 699 1084 764 VIII
1106 713 1156 769 49.
1187 712 1215 769 Χ
1235 713 1279 768 93.

215 810 312 870 Sehol.
335 811 425 892 Vesp.
451 816 524 876 389.
567 812 602 869 Β.
625 811 683 870 Αιι.
716 817 787 883 236,
812 815 840 871 3.
884 811 1001 871 Bachm.
1025 810 1081 869 An.
1106 817 1120 875 Ι
1147 819 1213 885 190,
1236 816 1279 872 21.

214 916 264 975 Ε1.
286 916 329 974 M.
354 922 431 989 254,
456 921 507 980 28.
544 918 614 977 Hes.
636 936 660 981 s.
691 914 844 991 Δεκάζων.
889 913 1041 990 Δεκάζειν.
1086 915 1279 992 Λεκάζεσθαι.

215 1020 289 1078 Poll.
313 1020 390 1079 VIII
409 1026 484 1083 121.
522 1023 598 1081 Tim.
621 1045 650 1104 p.
675 1028 729 1085 46·
749 1022 829 1082 said.
863 1021 910 1079 De
932 1041 965 1080 re
985 1021 1106 1081 obseura
1128 1024 1163 1081 ef.
1185 1022 1280 1081 Meier-

216 1123 348 1184 Sehoem.
372 1127 432 1185 Att.
455 1127 504 1186 Pr.
533 1135 600 1189 150.
645 1127 753 1187 Bernh.
776 1128 847 1205 frug.
871 1127 958 1186 XVI.
982 1126 1050 1189 Did.
1071 1150 1100 1208 p.
1125 1136 1176 1193 57.

260 1427 311 1484 90.
336 1419 394 1485 *L
418 1420 492 1485 *En
528 1421 624 1483 Schol.
643 1424 717 1482 Aeh.
786 1425 1123 1506 Ρ1ιο1.Μασταρυ’ζειν.
1169 1424 1212 1484 Τὸ
1232 1446 1281 1482 κα-

217 1532 278 1590 689
309 1526 418 1610 (Suid.)
447 1527 717 1608 Μασταράζει.
788 1539 847 1602 κῶς
860 1533 1032 1609 μασᾶσθαι.
1057 1529 1280 1610 Κυρηναῖοι.

216 1630 354 1693 Συνίλκει
369 1632 418 1692 καί
433 1631 553 1713 συνάγει
569 1632 607 1693 τά
622 1634 718 1714 χείλη.
829 1638 913 1696 Eust.
933 1644 1021 1708 1496,
1044 1643 1088 1697 15.
1125 1634 1235 1706 Αἴλιος
1254 1630 1283 1693 δὲ

217 1726 292 1797 >rut
312 1748 487 1820 μεταφορᾶς
508 1747 569 1799 τῶν
597 1740 718 1800 ὖποτιτ-
788 1740 945 1814 Διονύσιος
966 1742 1015 1801 καὶ
1035 1739 1235 1822 μυσταράζειν
1252 1739 1283 1798 τὸ

216 1841 297 1902 θίιον
318 1843 443 1927 παίδων,
474 1844 494 1904 ἃ
522 1845 576 1905 τὸν
602 1846 742 1923 μαστδν,
788 1855 887 1918 κακῶς
914 1850 1076 1925 μασᾶσθαι
1107 1847 1157 1906 καὶ
1182 1850 1283 1925 βλακι-

217 1947 342 2010 ἵλκοντα
368 1954 412 2035 τῷ
440 1950 570 2030 στόματι
599 1951 734 2033 συνάγει
788 1955 856 2024 κῶς.
898 1952 902 1960 ’
936 1953 939 1957 ’

214 2056 253 2115 τὰ
272 2057 366 2136 χείλη,
584 2035 593 2046 ’
831 2059 876 2119 Of.
898 2081 927 2140 p.
953 2066 999 2121 19.

216 2168 298 2225 Haec
334 2172 358 2227 si
392 2173 455 2229 iure
490 2172 677 2230 Eratostheni
713 2171 894 2244 tribuuntur,
932 2169 999 2230 uide
1032 2190 1070 2228 ne
1105 2169 1184 2248 apud
1219 2169 1283 2228 Ηεε.

217 2271 436 2354 Μασταρίζειν.
467 2274 706 2352 Μαστιχᾶσθαι.
737 2276 802 2335 Καὶ
819 2286 947 2357 τρέμειν.
973 2269 1020 2334 Ἢ
1038 2274 1179 2356 σφοδρῶς
1199 2271 1218 2352 ἢ
1239 2295 1284 2331 κα·

217 2382 278 2446 κῶς
304 2377 467 2453 μασᾶσθαι
496 2381 694 2459 interpretatio
722 2378 842 2460 τρέμειν
869 2380 1056 2459 Lycophroni
1085 2378 1225 2440 debeatur
1252 2397 1285 2437 ex
1379 2443 1383 2452 ¹

216 2480 419 2561 Aristophanis
440 2483 538 2562 uerbis
560 2482 647 2566 (Aah.
673 2486 748 2567 689)
771 2485 829 2545 ὗπδ
850 2484 949 2567 γήρως
970 2485 1096 2561 collecta.
1138 2486 1181 2547 Of.
1205 2486 1284 2546 Phor.

218 2585 426 2668 Μασταριίζει.
460 2586 580 2670 Τρίμει.
615 2586 752 2675 Ἀγωνιᾷ.

302 2881 354 2937 91.
377 2879 431 2938 Er.
476 2877 617 2957 Harpocr.
646 2884 714 2951 125,
740 2888 769 2944 7.
791 2880 824 2939 Β.
865 2869 1089 2961 Ἐρατοσθένης
1117 2872 1147 2938 δ’
1177 2876 1208 2939 ἐν
1229 2884 1288 2947 τοῖς

218 2980 284 3059 περὶ
313 2980 472 3065 κωμῳδίας
494 2983 585 3063 φησίν
607 2980 717 3054 οὕτως·
747 2982 841 3061 νόμου
862 2982 946 3055 ὄντος
966 2984 1009 3062 μὴ
1030 2990 1143 3061 μεῖον
1165 2981 1288 3064 εἰσάγειν

218 3084 384 3168 ὡρισμένου
405 3084 495 3163 τινός,
519 3084 755 3160 ἐπισκώπτοντες
775 3089 853 3167 μετὰ
873 3090 995 3160 παιδιᾶς
1016 3088 1115 3149 πάντα
1136 3089 1190 3149 τὸν
1210 3086 1288 3149 εἰσά-

217 3214 308 3273 γοντα
329 3198 413 3270 μεῖον
436 3189 551 3273 ἔφασαν
572 3192 708 3274 εἰσάγειν,
736 3194 812 3254 ὅθεν
832 3194 868 3254 τὸ
889 3192 944 3271 μὲν
967 3192 1072 3273 ἶερεῖον
1092 3201 1177 3271 μεῖον
1199 3213 1288 3275 προσ-

217 3296 380 3379 ηγορεύθη,
403 3298 568 3378 μειαγωγδς
588 3296 622 3358 δὲ
644 3298 660 3357 ὃ
683 3298 818 3379 εἰσάγων.

305 3419 513 3483 ΡΙιο1.Μεΐον,
541 3420 586 3480 Τὸ
607 3419 682 3502 ὑπὲρ
705 3430 766 3481 τῶν
788 3418 1015 3504 ἐγγραφομένων
1036 3420 1153 3481 παίδων
1167 3421 1208 3494 εἰς
1224 3421 1287 3489 τοὺς

219 3522 374 3607 φράτορας
395 3521 547 3602 θυόμενον
570 3522 684 3607 ἱερεῖον,
708 3528 743 3587 οὐ
763 3533 849 3605 μεῖον
878 3528 964 3609 (Nbr.
985 3526 1087 3607 μεῖζον
1108 3527 1186 3611 cod.)
1216 3528 1287 3587 ἀπο·

221 3629 407 3710 δεδειγμένου
436 3629 516 3701 τινος
544 3633 704 3708 σταθμοῦ·
735 3619 759 3714 ᾧ
789 3630 1008 3714 ἐπεφθέγγοντο
1032 3630 1060 3693 οἳ
1090 3632 1238 3714 φράτορες
1265 3628 1289 3689 εί

218 3735 268 3794 καὶ
291 3733 393 3813 μεῖζον
415 3733 476 3815 εἴη,
511 3735 557 3796 ὅτι
585 3743 677 3814 μεῖον.
723 3738 788 3797 Καὶ
810 3738 975 3820 μειαγωγδς
996 3737 1012 3798 ὅ
1033 3746 1123 3798 τοῦτο
1144 3734 1286 3817 παρέχεον.

304 3856 347 3917 Os.
372 3858 406 3916 B.
430 3856 466 3915 A.
492 3862 563 3931 279,
588 3863 616 3920 8.
653 3861 722 3918 Hes.
746 3879 769 3922 s,
792 3859 982 3941 Μειαγωγάς.
1016 3862 1064 3919 Ε1.
1087 3860 1129 3919 M.
1155 3864 1225 3932 533,
1241 3864 1286 3919 37.

217 3962 291 4023 Poll.
314 3962 364 4023 III
388 3969 435 4026 53.
474 3961 606 4022 Pertinet
626 3962 664 4023 ad
684 3964 773 4023 schol.
797 3966 870 4025 Ran.
894 3973 964 4039 798,
987 3964 1107 4047 (Seni),
1127 3964 1178 4024 ubi
1199 3965 1287 4022 uario·

216 4088 282 4127 rum
303 4071 463 4128 sententiae
484 4072 645 4150 permixtae
667 4071 859 4149 proferuntur.
904 4070 1010 4129 Bernh.
1032 4070 1103 4145 frag.
1127 4069 1246 4128 XXIX.
