2792 4767
628 185 821 247 ..ss-

191 354 283 413 solum
312 353 535 413 Eratosthenem
563 363 752 434 propagatam
781 375 852 414 esse.
896 356 958 414 Imo
988 374 1058 413 uero
1087 374 1153 413 cum
1181 354 1278 415 dubi·

193 463 247 519 tari
269 480 327 518 non
349 462 440 539 possit
461 461 533 538 quin
553 480 572 517 a
593 459 691 519 multis
711 461 775 519 aliis
796 460 902 518 lectum
923 463 969 536 sit,
995 480 1047 519 cur
1066 459 1104 518 ab
1126 462 1189 539 ipso
1214 460 1277 519 Di·

193 564 281 644 dymo
309 563 471 624 adhibitum
494 584 556 624 esee
577 584 716 642 negemus
738 553 792 647 (cis
809 564 911 628 Nabar
930 565 1002 645 prol.
1025 586 1054 644 p.
1084 564 1157 645 13)?
1200 566 1275 625 Iam

194 671 292 730 confer
313 672 384 747 frag.
408 676 445 732 ‘25

194 780 415 865 Ἐρατοσθένης
450 820 493 831 -
528 784 583 864 τὴν
618 781 695 856 istut
763 783 899 862 Δίδυμος
928 782 961 845 δὲ
993 784 1032 843 τὰ
1064 784 1142 844 αὐτὰ
1175 784 1276 845 εἰπὼν

194 892 309 971 ἀγνοεῖν
324 911 396 969 φησι
411 888 614 973 Λυκόφρονα·
635 898 696 950 τῶν
763 889 968 970 παρατίθεται
1001 889 1065 971 (τὰ)
1093 888 1273 972 Λυκόφρο-

194 996 251 1078 γὰρ
273 1018 301 1059 κ.
318 1018 344 1055 τ.
361 998 388 1060 λ.
764 1018 813 1067 νας
834 994 933 1067 αὕτως
952 992 1067 1075 ἔχοντα.

195 1126 356 1206 Didymum
383 1128 583 1206 Lycophronis
613 1127 704 1186 uerba
733 1147 771 1186 ex
804 1128 997 1186 Eratosthene
1029 1127 1158 1186 hausisse
1186 1128 1273 1188 nullo

197 1231 283 1291 modo
312 1230 445 1291 concludi
473 1242 583 1313 potest3
611 1233 733 1292 uerbum
761 1243 858 1292 autem
887 1232 1093 1312 παρατίθεται
1116 1232 1273 1293 ostendere

196 1337 313 1397 uidetur
333 1317 495 1415 Didymum
515 1338 717 1419 Lycophronis
746 1338 965 1418 explicationem
995 1358 1055 1396 non
1081 1338 1272 1398 Eratostheni

195 1442 338 1526 debuisse,
369 1441 421 1501 sed
451 1462 488 1501 ex
517 1446 580 1524 ipso
603 1445 804 1525 Lycophronis
833 1442 907 1502 libro
938 1443 1110 1502 exhibuisse.
1154 1440 1271 1503 Eadem

195 1569 241 1609 res
271 1550 366 1606 estin
387 1548 457 1625 frag.
487 1555 554 1610 134.
580 1548 682 1625 Quid?
721 1552 799 1611 Uera
820 1549 1021 1629 Lycophronis
1044 1548 1173 1608 doctrina
1194 1551 1268 1627 frag.

198 1659 236 1716 85
266 1674 336 1712 num
366 1654 564 1714 Eratosthenis
593 1657 805 1734 impugnationi
834 1652 977 1713 debetur?
1021 1653 1104 1729 Quae
1135 1675 1199 1714 cum
1227 1659 1270 1713 ita

197 1761 254 1818 sint
275 1780 334 1817 non
356 1767 399 1817 est
420 1779 469 1818 cur
491 1779 556 1818 cum
578 1760 741 1821 Gerhardio
763 1762 848 1819 nimis
870 1761 989 1820 honeste
1011 1760 1047 1819 de
1065 1761 1269 1838 Lycophronis

196 1866 305 1923 meritis
326 1863 493 1937 iudicemus,
517 1868 654 1945 quicum
676 1886 845 1945 persuasum
867 1864 972 1925 habeat
994 1887 1028 1925 ea
1047 1875 1159 1924 tantum
1174 1866 1269 1944 Lyco·

196 1969 316 2050 phronis
343 1971 503 2047 fragmenta
531 1980 646 2031 seruata
675 1992 753 2044 esse,
784 1974 815 2030 in
838 1953 1097 2050 quibusseuerum
1120 1991 1268 2051 oppugna-

196 2084 288 2134 torem
319 2085 419 2135 nactus
450 2080 488 2135 sit
517 2078 755 2151 Eratosthenem,
793 2076 1019 2156 Aristophanem
1051 2079 1268 2154 grammaticum

197 2181 288 2238 multa
309 2180 392 2239 docta
415 2189 444 2238 et
466 2182 597 2240 sollerter
618 2186 780 2260 excogitata
802 2184 869 2241 huic
890 2185 1001 2241 auctori
1023 2181 1157 2241 debuisse
1176 2191 1267 2262 putat.

198 2284 306 2343 Contra
335 2304 451 2364 prorsus
480 2305 544 2344 cum
570 2287 688 2347 Nabero
718 2310 747 2366 p.
772 2294 810 2349 65
839 2290 912 2346 facio
941 2296 1006 2367 post
1036 2286 1126 2346 editos
1148 2286 1267 2365 Didymi

198 2393 416 2448 commentarios
437 2392 489 2447 uix
504 2411 678 2470 quemquam
693 2393 896 2471 Lycophronis
910 2414 983 2472 opus
997 2393 1102 2469 legisse
1115 2402 1267 2465 statuente,

197 2516 264 2554 nam
295 2495 450 2574 disputatio
480 2495 516 2555 de
545 2499 699 2574 prouerbio
725 2494 817 2579 Ἀρχὴ
843 2498 957 2575 Σαυρία
988 2497 1083 2579 (Eust.
1111 2504 1180 2570 782,
1206 2498 1266 2578 52),

197 2621 256 2680 qua
284 2603 363 2659 nisus
392 2599 614 2661 Rindfleischius
644 2602 694 2684 (de
720 2604 858 2662 Pausan'
874 2612 903 2663 et
925 2604 989 2663 Ael.
1016 2604 1140 2681 Dionys.
1170 2604 1268 2661 lexicis

197 2709 304 2767 rhetor.
338 2730 366 2787 p.
402 2707 452 2788 18)
483 2702 673 2767 Schmidtiuin
704 2707 785 2789 (Did.
817 2732 845 2789 p.
872 2710 925 2791 54)
955 2717 1069 2768 secutus
1097 2710 1267 2767 Pausaniam

198 2814 400 2892 Lycophronis
430 2832 502 2892 opus
530 2813 635 2889 legisse
663 2814 825 2890 contendit,
856 2814 893 2875 ad
920 2814 1118 2873 Alexandram
1147 2817 1269 2894 pertinet

199 2940 225 2976 v.
255 2924 332 2979 1322
361 2938 421 2997 seq.
454 2917 502 2998 (cf.
533 2919 621 2977 schol.
651 2930 708 2978 vet.
739 2942 765 2979 v.
802 2921 904 3001 1326).
948 2921 1144 3000 Porphyrium
1174 2929 1266 2978 autem

199 3024 284 3105 (frag.
322 3025 372 3105 12)
409 3026 504 3103 ipsum
536 3004 630 3083 illius
647 3024 722 3084 libro
758 3046 843 3085 usum
878 3046 939 3084 esse
973 3029 1025 3083 uix
1058 3024 1135 3083 credi
1167 3033 1266 3103 potest.

200 3130 349 3188 Postremo
378 3151 448 3189 num
467 3130 599 3189 Philemo
631 3129 715 3211 (frag.
741 3131 795 3213 36)
819 3151 855 3190 ex
883 3134 943 3211 ipso
967 3130 1169 3210 Lycophronis
1197 3129 1268 3188 libro

200 3255 252 3294 sua
273 3235 401 3293 hauserit
421 3245 583 3315 temporum
604 3239 716 3295 ratione
737 3237 837 3297 habita
857 3235 944 3296 ualde
965 3235 1065 3295 dubito
1073 3235 1110 3317 3).

287 3337 375 3398 Haud
404 3342 444 3398 ita
471 3340 595 3398 multum
624 3344 711 3418 igitur
733 3343 864 3401 utilitatis
886 3341 1041 3421 Lycophro
1065 3341 1110 3399 his
1132 3340 1268 3400 studiisa

200 3464 231 3503 se
254 3445 394 3503 incohatis
415 3444 526 3520 attulit3
548 3446 635 3523 longe
656 3469 722 3507 eum
744 3447 830 3506 laude
851 3447 999 3506 doctrinae
1012 3449 1168 3526 superauit,
1184 3466 1265 3524 quem

201 3550 257 3608 hoc
285 3552 316 3608 in
344 3568 450 3626 genere
478 3554 505 3609 si
527 3554 695 3612 successisse
716 3563 786 3632 puto
809 3553 1004 3633 Euphronius.
1053 3552 1137 3611 Hunc
1154 3547 1268 3631 ‘praeter

201 3654 404 3734 Aristophanis
418 3655 531 3715 fabulas
542 3657 689 3716 Cratinum
699 3655 784 3737 (frag.
799 3657 880 3739 tor),
896 3657 1095 3736 Phrynichum
1111 3655 1195 3736 (frag.
1205 3657 1264 3736 41),

288 3879 308 3941 Σ)
330 3883 399 3931 Miro
418 3898 505 3933 errore
522 3883 687 3932 Villoisonus
711 3883 801 3933 anecd.
820 3883 864 3932 Gr.
882 3884 917 3932 II.
940 3882 986 3932 136
1004 3897 1036 3930 ex
1054 3879 1195 3944 Porphyrii
1213 3896 1265 3929 uer·

202 3973 244 4022 bis
262 3970 400 4035 (Schrader
416 3972 430 4019 Ι
448 3988 472 4036 p.
493 3969 553 4034 287)
574 3971 644 4021 hunc
661 3970 842 4021 Philemonem
860 3985 987 4019 coaeuum
1006 3967 1154 4017 Alexandro
1175 3969 1265 4032 llagno

201 4061 283 4111 fuisse
301 4061 402 4110 statuit.
437 4060 487 4110 Est
503 4055 518 4109 ὁ
537 4054 662 4118 Koresia
677 4053 862 4126 Ἀλέξανδρος.
