2792 4767
602 264 816 328 ..61-

170 431 291 504 διδάξαι
314 428 519 513 Ἡρακλείδας.
561 433 607 492 Τὰ
631 431 663 492 δέ
685 433 752 493 λίαν
774 428 1021 511 ἐπιτετηδευμένα
1043 428 1246 506 ὑπομνήματα

170 536 314 613 διστάζει,
336 535 462 615 πότερον
484 537 624 618 τραγικὸς
646 539 771 618 ποιητὴς
794 533 856 620 (ἦν)
873 535 892 616 ἢ
908 533 1072 617 ζωγράφος,
1095 535 1129 594 ὃν
1143 538 1245 614 καθη-

169 641 330 725 γήσασθαί
354 663 447 723 φασιν
474 638 625 703 Ἀπελλοῦ.
670 640 721 704 Ἐν
748 642 850 721 μέντοι
872 650 940 714 ταῖς
961 640 1168 711 διδασκαλίαις
1188 638 1247 720 πρὸ

170 749 287 809 τοότιον
319 756 380 808 τιῖιν
408 745 527 828 χρόνιον
554 747 721 830 Πάμφιλος
750 749 846 820 οὐδεὶς
875 746 998 829 φέρεται
1028 746 1180 827 (φαίνεται
1203 743 1245 826 V)

171 851 319 933 τραγικός.
366 855 396 912 Γ
393 853 475 934 ραφὴ
504 851 605 930 μέντοι
634 849 715 914 ἐστὶν
744 851 772 913 οἳ
793 850 988 936 Ἡρακλεῖδαι
1016 852 1066 912 καί
1094 848 1246 929 Ἀλκμήνη

170 958 221 1018 καὶ
251 954 433 1038 Ἡρακλέους
469 956 610 1038 θυγάτηρ
637 955 820 1038 Ἀθηναίους
850 956 1045 1031 ἱκετεύοντες,
1080 953 1246 1037 Εὐρυσθέα

170 1062 317 1140 δεδιότες,
340 1063 405 1142 ἥτις
427 1064 597 1145 Παμφίλου
619 1065 672 1124 οὐκ
700 1061 789 1140 έστιν,
812 1062 853 1136 ὥς
875 1085 976 1145 φασιν,
1006 1053 1075 1123 ἀλλ’
1103 1058 1245 1123 Ἀπολλο-

169 1165 279 1251 δώρου.
323 1165 359 1230 Ὁ
380 1167 414 1228 δέ
436 1167 602 1251 Πάμφιλος
631 1169 672 1241 ὡς
701 1166 775 1229 ίοικε
805 1170 854 1229 καὶ
883 1167 1024 1249 νεώτερος
1047 1160 1084 1245 ἦν
1108 1164 1244 1248 Ἀριστο-

169 1272 293 1356 φάνους.
328 1275 371 1335 Of.
393 1273 474 1333 Suid.
497 1295 518 1336 s.
541 1295 567 1333 v.
592 1274 717 1337 Διοίσει.
754 1275 837 1336 Fuhr
857 1276 933 1335 Mus.
949 1276 1043 1339 Rhen.
1059 1274 1088 1331 V
1105 1278 1166 1335 422
1184 1292 1244 1351 seq.

168 1381 279 1441 Uerum
302 1379 489 1439 Welckerum
510 1379 618 1440 uidisse
638 1392 709 1461 puto
732 1381 784 1441 Gr.
808 1381 897 1459 Trag.
921 1403 951 1461 p.
977 1386 1047 1442 710.
1072 1378 1115 1439 Cf.
1132 1379 1244 1449 Brunn‚

167 1485 408 1562 Kflnstlergesch.
434 1485 463 1543 Π
488 1489 555 1552 132.

287 1645 306 1672 *x

212 1697 286 1755 103.
307 1673 367 1755 αι.
390 1675 496 1753 εισι.
514 1695 581 1754 τοι.
601 1702 671 1757 565.
706 1698 709 1779 4
785 1694 880 1754 σου.
911 1695 999 1775 vesp.
1036 1701 1125 1756 που.
1176 1687 1244 1751 ’τοο

170 1796 267 1871 Μᾶζα
296 1799 346 1857 καί
374 1798 602 1859 πανδαισία.
630 1835 673 1845 -
741 1800 870 1875 δεῖπνον,
900 1799 942 1871 είς
970 1798 1141 1878 ξυμπόσιον.
1191 1791 1244 1858 Ἕν

173 1903 255 1964 Φασὶ
278 1902 348 1985 (γὰρ
370 1926 425 1964 om.
447 1906 485 1964 V.
507 1905 558 1987 R.)
583 1906 673 1988 (παν-
706 1893 708 1966 ί
741 1904 822 1966 ἔστιν
844 1905 890 1964 έπλ
917 1905 1035 1965 δεῖπνον
1064 1905 1105 1977 είς
1126 1902 1245 1982 συμπό-

167 2008 319 2091 δαισίαν),
344 2009 417 2070 ὅταν
447 2013 495 2092 (R.
519 2020 579 2070 πᾶν
605 2012 671 2093 rel.)
706 1991 708 2006 λ
741 2033 814 2075 σιον.
879 2009 969 2071 Οῧτα)
1011 2009 1069 2091 γὰρ
1111 2007 1244 2085 ίκάλουν,

166 2114 288 2175 δεῖπνον
309 2113 354 2198 [έν
369 2100 393 2198 ᾧ
407 2114 525 2199 om.R.]
549 2114 672 2188 ἕκαστος
740 2114 816 2176 ὥστε
848 2114 941 2192 μόνον
973 2108 1048 2173 εἶναι
1081 2114 1134 2174 τὸν
1166 2107 1245 2173 οἶνον

168 2220 253 2305 αὐτῷ
277 2221 407 2299 κομίζων
433 2222 473 2293 είς
495 2222 594 2282 κοινὸν
616 2245 672 2282 κα·
705 2211 707 2252 J
740 2219 847 2297 κοινόν,
880 2221 918 2280 τά
949 2217 982 2280 δέ
1014 2220 1102 2280 λοιπὰ
1135 2213 1244 2279 ἑαυτοῦ

167 2326 336 2405 τατίθηται
361 2327 460 2411 (θήσῃ
480 2328 514 2387 R.
546 2329 672 2389 κατατί-
740 2327 810 2408 (leg,
833 2322 944 2411 ἑαυτῷ)
974 2324 1125 2408 (ἕκαστον)
1156 2325 1243 2403 κομί-

166 2435 260 2493 θεται
271 2433 337 2515 rel.)
353 2432 402 2491 καὶ
422 2430 531 2504 πάντες
550 2432 671 2495 πάντων
741 2433 799 2509 ζειν
813 2433 892 2495 οὕτω
906 2430 1059 2512 κληθέντα
1075 2432 1158 2512 (τοὺς
1171 2433 1243 2509 κλη-

164 2536 370 2618 μετέχιοσι(Β.
380 2539 417 2598 V.
426 2536 583 2618 μετέχουσι
593 2540 670 2624 rel.).
740 2538 900 2621 alnay).
932 2538 1139 2598 Πανθοινί
1145 2560 1188 2597 αν
1209 2533 1243 2596 δὲ

166 2640 278 2724 έλεφον,
302 2641 342 2715 ὥς
364 2665 455 2725 φησιν
477 2643 662 2727 Εὐφρόνιος,
696 2642 786 2704 ὁπότε
816 2644 857 2715 είς
878 2642 977 2703 κοινὸν
999 2641 1243 2726 κατα[τι]θέντες

165 2748 206 2808 τὰ
228 2747 416 2827 κομισθέντα
439 2747 630 2829 (κωλυθέντα
651 2749 694 2830 V)
725 2749 830 2809 δεῖπνα
852 2746 962 2819 πάντες
983 2745 1133 2807 ἀπέλαυον
1155 2744 1242 2826 (ἀπέ-

166 2856 259 2912 κλαον
271 2854 320 2935 V).
351 2854 486 2913 Fortasse
507 2855 653 2935 Didymus
674 2855 839 2935 Euphronii
860 2853 961 2913 falsam
984 2853 1143 2912 doctrinam
1166 2874 1241 2912 com-

165 2958 301 3039 probauit
322 2961 357 3018 cf.
375 2960 515 3040 Harpocr.
537 2968 603 3034 143,
619 2966 658 3023 24
681 2960 873 3021 Πανδαισία·
888 2995 932 3004 -
948 2955 1010 3019 έστι
1032 2955 1087 3036 μέν
1109 2960 1242 3036 τοάνομα

166 3063 309 3135 πολλάκις
337 3064 387 3124 καὶ
416 3064 447 3125 ἓν
469 3073 506 3149 τῇ
535 3065 648 3153 ἀρχαίρι
670 3065 823 3154 κιομιρδίρ.
868 3063 1045 3125 Πανδαισία
1067 3062 1103 3123 δέ
1122 3063 1183 3124 ε’στι
1207 3063 1242 3123 τὸ

165 3168 265 3229 πάντα
288 3167 365 3247 ἔχειν
386 3170 512 3252 ἄφθονα
533 3171 583 3231 καί
602 3167 697 3250 μηδὲν
719 3170 861 3231 ἐλλείπειν
882 3169 913 3230 έν
935 3176 973 3253 τῇ
995 3168 1084 3228 δαιτί.
1124 3165 1166 3227 Ἡ
1184 3168 1241 3250 γὰρ

165 3284 221 3335 τοῦ
241 3274 380 3352 Αιδάμου
401 3275 544 3349 ἀπόδοσις
566 3276 727 3358 περίεργος.
761 3276 925 3357 Euphronii
948 3275 1101 3356 explicatio
1121 3278 1151 3333 in
1169 3275 1240 3333 lexi-

166 3384 207 3440 cis
229 3402 287 3440 non
310 3390 424 3440 seruata
445 3391 497 3445 est.
540 3383 633 3443 Paulo
649 3382 765 3441 diuersa
782 3382 935 3442 traduntur
950 3381 1038 3441 schol.
1054 3381 1128 3441 Ach.
1150 3386 1239 3443 1086.

165 3487 209 3547 Of.
235 3488 350 3546 Becker
372 3487 494 3547 Charicl.
518 3493 534 3550 Ι
558 3496 614 3550 411
641 3508 702 3568 seq.

252 3702 328 3760 104.
351 3700 410 3759 Eu.
455 3696 550 3756 schol.
574 3697 630 3756 Av.
656 3704 727 3761 765.
778 3695 911 3757 Φυσάτιο
940 3694 1131 3769 πάππους.
1177 3698 1240 3758 Εὐ-

166 3799 288 3881 φρόνιός
317 3822 390 3882 φησι
423 3799 545 3861 πάππον
574 3800 675 3882 ἀρνεόν
704 3824 733 3861 τι
763 3796 848 3867 εἶναι.
893 3801 980 3884 Πρὸς
1008 3801 1044 3861 τὸ
1072 3799 1166 3880 ὄνομα
1189 3796 1241 3861 οὖν

165 3903 273 3980 παίζει,
296 3904 342 3966 ὅτι
364 3907 391 3966 εἲ
406 3906 523 3984 ἀναβάς
537 3928 582 3978 τις
598 3908 672 3988 πρὸς
687 3907 766 3985 ἡμᾶς
782 3907 936 3987 γενήσεται
951 3905 1071 3978 πάππος
1087 3905 1241 3988 (πάππους

165 4012 203 4070 V:
219 4010 280 4091 R.),
305 4009 363 4085 έξει
386 4011 594 4072 ἀποδεικνύναι
617 4011 781 4094 φράτορας,
804 4012 821 4073 ὅ
844 4011 906 4073 ἔστι
928 4018 1085 4093 συγγενεῖς.
1123 4010 1162 4073 Οἵ
1183 4013 1240 4095 γὰρ

166 4115 362 4195 εὐθυνόμενοι
378 4118 419 4189 ὡς
433 4116 507 4189 ξένοι
523 4118 673 4199 ὀφείλουσι
689 4119 759 4188 τοὺς
775 4116 867 4189 ίδίους
881 4116 1021 4188 πάππους
1032 4116 1240 4177 ἀποδεικνύναι
