2792 4767
543 246 756 310 „29-

192 423 246 480 19.
258 420 297 480 Ιι.
324 409 603 479 Athen.V11278a
624 411 660 475 Ὁ
674 411 707 474 δὲ
722 415 926 493 ἀψοάαίάαλος
944 414 1183 500 Ἀρχύστρα-
1221 481 1223 486 ,

100 528 173 594 τος
202 520 232 581 ἓν
260 526 298 605 τῇ
319 505 524 606 Γαστρολογίᾳ
553 518 664 601 (ούτως
684 520 742 601 γὰρ
764 520 991 604 ἐπιγράφεσθαί
1012 543 1086 603 φησι
1108 524 1183 583 Λυ-

103 626 229 710 κόφρων
250 624 281 687 ἓν
302 634 365 699 τοῖς
388 626 455 708 περὶ
476 624 646 709 κωμῳδίας,
670 625 712 697 ὡς
734 626 788 705 τὴν
809 612 1026 708 Κλεοστράτου
1047 636 1103 689 τοῦ
1123 632 1183 689 Τε-

102 733 204 793 νεδίου
228 720 452 815 Ἀστρολογίάν)
482 731 550 813 περὶ
581 738 636 809 τῆς
664 730 757 809 ἀμίας
786 731 878 814 φησίν
899 755 927 793 κ.
935 754 963 794 τ.
972 735 1000 793 λ.
1045 732 1097 793 Ch·
1111 732 1183 794 ibid.

100 839 154 898 ΙΠ
174 823 267 912 1011),
292 839 337 898 IV
358 838 453 911 roth,
476 837 509 897 X
528 844 625 899 4570.
670 836 761 897 Dubii
783 842 866 893 erant
887 833 924 894 de
945 836 1031 898 huius
1050 842 1184 899 carminis

102 946 292 1024 inscriptione
313 944 348 1002 ef.
373 945 482 1005 Athen.
505 946 520 1005 I
542 949 571 1015 4,
592 931 617 1004 ο.

190 1158 247 1216 20.
272 1151 346 1215 *Ea
389 1151 485 1211 Sehol.
501 1153 591 1234 Veep.
612 1158 684 1215 855.
721 1147 998 1232 Ἀρυστίχους·
1021 1152 1182 1233 ἀρύστιχος

101 1258 155 1318 καὶ
185 1258 308 1338 ἀρυστις
337 1255 387 1315 καὶ
416 1256 563 1339 ἀρυστήρ.
610 1254 742 1337 Ἀγγεῑύν
771 1254 852 1318 ἔστιν
873 1244 898 1341 ᾦ
931 1250 1006 1339 (οἷον
1027 1258 1071 1340 V)
1102 1254 1183 1319 ihrer

102 1362 293 1444 ἀρύσασθαι,
325 1354 400 1443 (οἷον
427 1360 517 1443 addo)
547 1362 657 1442 κοτύλη
686 1359 706 1441 ἢ
735 1362 862 1434 κύαθος.
908 1356 1006 1441 Είχον
1034 1361 1070 1423 ἀί
1089 1384 1182 1444 φησιν

103 1467 215 1536 αὐτοὺς
230 1455 367 1547 (Ἄλλως.
398 1463 475 1548 Ἐγάι
488 1467 546 1550 γὰρ
562 1461 641 1546 εἶχον
656 1464 711 1539 ἕως
725 1475 779 1528 τοῦ
794 1468 957 1550 ἀρυστίχου
967 1467 1020 1548 V.)
1037 1468 1111 1549 πρὸς
1126 1467 1182 1547 τὴν

103 1571 299 1654 διαψήφισιν.
339 1567 532 1653 Ἀρυστίχους
561 1570 594 1633 δὲ
621 1572 672 1644 οθς
694 1571 785 1633 ἐνίοτε
808 1573 1011 1644 κοτυλίσκους.
1055 1563 1179 1645 Ἄλλως.

111 1674 301 1758 ’ύρυστίχους
332 1680 402 1749 τούς
431 1678 581 1758 οἰνοχόους
615 1678 685 1760 (leg.
718 1677 773 1750 τὰς
794 1672 943 1762 οίνοχόας)
974 1676 1090 1759 ιίρηκεν
1118 1678 1180 1738 ἀπὸ

102 1790 159 1842 τοῦ
180 1783 296 1864 ἀρύειν·
326 1779 415 1844 ἔνθεν
436 1784 487 1844 καὶ
510 1785 668 1867 ἀρύταινα.
712 1784 871 1863 Sequentia
892 1784 982 1843 alium
1005 1784 1115 1844 fontem
1137 1803 1180 1844 re·

101 1888 202 1949 dolent
223 1890 258 1948 of.
281 1889 390 1949 Athen.
413 1890 446 1949 X
469 1895 541 1971 424,
557 1911 581 1949 a.

189 1996 258 2054 Hes.
276 1994 470 2076 ἀρυστίχους·
488 1995 543 2066 τὰς
556 1993 691 2073 οίνοχάας
707 1987 770 2054 οἷον
782 1993 919 2069 κοτύλας,
932 1993 991 2053 ἀπὸ
1001 2001 1057 2053 τοῦ
1066 1993 1178 2076 ἀρύαν,

101 2096 192 2159 ἐνθεν
203 2098 253 2159 καὶ
266 2099 286 2177 ἡ
298 2099 457 2181 ἀρύταινα.
486 2099 550 2180 (To
561 2097 594 2159 ἀὲ
605 2099 685 2160 αὐτὰ
696 2098 747 2159 καί
757 2100 930 2181 ἀρυστῆρας
940 2097 990 2158 καὶ
1001 2098 1180 2181 ἀρυστίχους

102 2201 228 2263 ἐκάλουν
248 2224 286 2263 ex
306 2204 563 2287 ςίοοοοάρύστεις
584 2204 779 2286 huorefero)
808 2196 934 2285 Ἔλεγον
949 2202 1047 2264 δὲκαὶ
1066 2200 1180 2287 ἔφηβον

101 2307 139 2367 τὸ
161 2315 297 2369 τοιοῦτον
318 2317 432 2382 σκεῦος.
475 2310 550 2373 Poll.
573 2311 617 2370 vl
643 2316 679 2373 19
704 2308 753 2391 (ef.
776 2310 809 2368 X
834 2309 888 2390 75)
917 2308 979 2392 ὅτῳ
1007 2306 1041 2370 δὲ
1062 2308 1079 2370 ὃ
1101 2304 1179 2383 οίνος

101 2412 244 2495 ἀρύεται,
273 2413 425 2496 ἀρυστήρ,
457 2415 627 2498 ἀρύστιχος.
673 2416 718 2479 Of.
740 2416 775 2475 B.
799 2415 857 2475 An.
882 2421 932 2489 27,
949 2422 999 2480 30.
1030 2421 1102 2490 448,
1127 2422 1179 2482 29.

99 2520 149 2578 Et.
173 2519 215 2578 Μ.
244 2527 311 2595 151,
330 2526 356 2583 2,
400 2521 481 2598 ὃυὶἀ.
525 2522 728 2583 Eratosthenis
749 2524 957 2581 onomastionm
980 2524 1070 2600 sapio.

143 2729 200 2786 21.
216 2727 270 2786 Er.
299 2724 496 2805 Sohol.Vesp.
514 2733 602 2788 1191.
675 2726 745 2785 Hes.
789 2721 947 2807 Ἐφουδίων
981 2723 1058 2806 (-ιον
1092 2724 1179 2807 eod.)·

99 2826 274 2910 ΙΆσκάινά
281 2852 301 2915 p
319 2831 426 2900 καλῶς.
460 2829 504 2889 To
513 2853 546 2909 χ,
557 2829 604 2890 ὅτι
674 2825 896 2913 Ἐρατοσθένης
907 2829 958 2889 ἀιά
973 2837 1028 2890 τού
1049 2832 1069 2889 i
1083 2824 1179 2912 Ἐφω·

100 2935 168 3015 περὶ
200 2943 255 2995 τοῦ
290 2932 491 3018 Ἐφουάίωνος
523 2935 603 3017 (περὶ
675 2933 747 2994 τίων
782 2937 859 3016 (-ιον
890 2934 968 3017 cod.)
1001 2934 1180 3018 ἀναγράφει,

100 3036 202 3121 ἑτέρου
245 3040 350 3112 ἀίωνος
391 3041 433 3124 V)
478 3041 604 3120 ἀληθῶς
674 3038 863 3118 Μαινάλιον,
881 3041 1086 3122 περιοάονίκην
1115 3040 1180 3122 (So-

102 3143 223 3227 ίστορεΐ.
259 3140 382 3217 Ἄλλως.
424 3139 491 3207 Ὅτι
513 3167 603 3205 κατε·
672 3149 752 3225 ping.
772 3143 903 3228 μέναλορ
917 3145 1087 3228 περιοάικὸν
1101 3145 1179 3230 cod.)

101 3248 266 3330 ψευσμένοι
297 3252 418 3333 (Bernh.
447 3266 603 3333 καταφυγή
673 3250 929 3333 παγκρατιαστήν.
945 3247 1179 3329 ὉάἒΠολὲμων

100 3360 184 3442 μένοι
212 3360 276 3421 eod.
306 3360 539 3442 κατεψυγμένως
560 3363 602 3445 V)
673 3361 724 3422 ἀιά
746 3371 800 3423 τοῦ
827 3348 855 3423 ἀ.

102 3473 260 3555 φαίνονται
282 3463 364 3532 οὗτοι
393 3471 634 3554 παγκρατιασταί
662 3469 710 3532 ἕτιί
740 3473 857 3559 παιδιᾷ.
899 3470 935 3534 Ὁ
956 3471 989 3533 ἀὲ
1005 3449 1178 3543 Ἀσκάνάας

101 3578 151 3639 καὶ
174 3577 204 3650 ἐξ
226 3579 320 3638 αὐτοῦ
341 3586 396 3638 τοῦ
417 3576 572 3656 ὀνόματος.
617 3578 658 3640 Εἰ
678 3578 721 3658 μὴ
742 3580 803 3660 ἀρα
824 3574 1024 3659 ὅἘφουάίων
1038 3576 1100 3639 ἐστὶ
1115 3577 1131 3638 ὁ
1147 3577 1179 3638 ἓν

103 3690 167 3755 ταῖς
189 3683 352 3762 ἀλυμιιιάσι
375 3682 537 3767 φερόμενος
558 3680 726 3767 Ἐφουδίων
748 3682 922 3755 Μαινάλιος
946 3678 1009 3745 σθ’.

188 3788 276 3871 Operi
305 3813 343 3854 m
361 3812 388 3849 κ.
422 3789 527 3864 tribuo,
559 3810 624 3849 rum
657 3789 792 3850 ficticium
824 3808 931 3849 nomen
958 3788 1114 3849 Ascondae
1146 3791 1177 3847 in

103 3879 302 3956 Eratosthenis
334 3895 559 3973 ἀλυμπιονίκαις
597 3897 741 3955 exstitisse
772 3898 823 3955 uix
857 3895 1008 3975 probabile
1041 3897 1086 3953 sit
1132 3892 1175 3951 cf.

104 4000 208 4059 Bernh.
241 4003 312 4079 frog.
329 4003 434 4075 XXI,
465 4025 495 4081 p.
523 4007 594 4064 252.
638 4001 760 4075 Praller,
793 4000 857 4060 Pol.
887 4023 916 4079 p.
943 4007 993 4063 95.
1034 3994 1174 4069 Schmidt,

104 4105 171 4165 Did.
194 4128 222 4183 p.
248 4112 296 4168 55.
