2792 4767
642 276 832 339 -4-

127 426 130 429 ⁴
205 442 242 502 de
263 443 432 523 Antiphane
454 443 539 525 (frag.
553 444 617 526 43).
655 444 691 503 Id
713 465 805 522 genus
827 448 1037 524 quaestionum,
1054 446 1134 526 quod
1149 450 1282 507 imitatur

204 548 383 622 Athenaeus,
415 557 473 609 ποῦ
495 546 618 610 ἕκαστον
640 557 759 631 πρῶτον
781 558 886 625 κεῖται,
916 552 954 610 ab
984 572 1018 610 eo
1041 560 1194 611 tractatum
1215 571 1282 611 esse

205 653 289 713 docet
309 655 380 731 frag.
406 661 434 717 7.
478 655 583 734 Neque
604 675 665 713 rem
687 658 835 714 metricam
856 655 1015 732 neglectam
1043 675 1105 716 esse
1127 655 1283 716 ostendere

205 757 322 818 uidetur
357 778 493 838 peruersa
528 764 676 820 annotatio
713 760 751 819 de
786 781 873 820 uersu
909 759 1065 840 spondiaco
1103 760 1188 842 (frag.
1216 762 1281 842 12).

205 864 405 942 Intellegimus
427 873 522 924 autem
546 885 583 923 ex
605 866 689 924 huius
711 866 766 925 loci
789 876 892 926 natura
911 887 929 924 a
949 865 1024 925 libro
1043 890 1074 925 π.
1090 888 1167 943 κωμ.
1191 886 1283 945 quam

196 957 333 1028 'maxime
361 969 463 1042 alieni,
494 970 600 1029 frustra
622 991 684 1029 esse
706 974 730 1030 si
752 975 817 1051 quis
840 974 962 1031 certiora
983 970 1020 1029 de
1041 973 1136 1050 operis
1158 971 1282 1051 disposi-

205 1077 284 1135 tione
306 1083 432 1134 statuere
453 1075 533 1134 uelit.
1049 1087 1052 1093 ’

290 1181 386 1239 Maior
407 1182 502 1261 operis
522 1201 590 1260 pars
619 1184 650 1239 in
671 1184 735 1262 ipsa
756 1184 995 1262 interpretatione
1015 1189 1129 1240 uersata
1152 1200 1214 1240 esse
1235 1184 1282 1240 ui·

207 1286 301 1358 detur,
314 1295 402 1365 atque
423 1287 498 1344 hanc
518 1286 751 1367 glossographice
773 1290 932 1347 institutam
953 1288 1042 1346 fuisse
1062 1285 1186 1344 illustrat
1206 1286 1281 1363 frag.

209 1397 257 1454 85.
278 1389 458 1473 Λυκόφρων
480 1387 507 1451 d'
532 1389 563 1451 ἓν
584 1392 627 1473 τῷ
650 1391 762 1474 drudam
783 1416 815 1456 π.
839 1416 867 1452 κ.
890 1389 1102 1473 παραθέμενος
1124 1390 1159 1450 τὸ
1184 1392 1284 1470 Φερε-

207 1494 335 1577 κράτους
357 1496 406 1555 καὶ
429 1495 520 1567 αὐτὸς
542 1489 621 1555 εἷναί
646 1519 719 1578 φησι
741 1495 822 1578 γένος
845 1497 963 1568 κύλικος
984 1496 1038 1573 τὴν
1060 1495 1219 1574 λεπαστήν,
1243 1516 1284 1553 ex

207 1622 265 1682 quo
295 1602 447 1679 colligitur,
481 1622 540 1660 non
572 1600 610 1661 ad
640 1602 768 1680 siugulas
798 1602 911 1661 fabulas
940 1603 1206 1681 interpretationem
1234 1622 1283 1658 ac-

206 1706 414 1766 commodatam
444 1707 539 1781 fuisse,
570 1707 620 1767 sed
648 1709 776 1784 singulas
799 1708 908 1785 glossas
931 1706 1088 1786 explicatas
1110 1708 1284 1765 testimoniis

206 1814 345 1891 appositis
374 1814 498 1871 munitas
527 1832 598 1876 esse.
642 1813 673 1872 Si
703 1816 791 1890 igitur
818 1813 901 1873 nobis
930 1816 1077 1884 sumimus,
1108 1811 1187 1890 quod
1216 1832 1283 1870 cum

207 1937 260 1997 per
281 1937 313 1976 se
334 1920 371 1976 sit
391 1917 543 1996 probabile
564 1918 706 1977 Zenodoti
729 1920 861 1998 exemplo
883 1919 1043 1977 affirmatur
1065 1915 1114 1996 (cf.
1127 1916 1283 1994 Pluygers,

209 2024 351 2083 Mnemos.
374 2022 476 2103 148),
507 2024 560 2083 has
588 2024 698 2100 glossas
727 2023 805 2082 κατὰ
835 2031 981 2103 στοιχεῖον
1009 2021 1162 2101 dispositas
1183 2020 1282 2093 fuisse,

207 2131 390 2188 manifestum
413 2138 470 2202 est,
495 2150 559 2188 cum
582 2151 658 2190 nono
682 2129 755 2188 libro
778 2150 864 2189 uoces
885 2130 982 2188 littera
1002 2131 1020 2188 λ
1042 2129 1210 2205 incipientes
1233 2145 1284 2182 ex·

190 2235 330 2315 'plicatae
352 2237 418 2306 sint,
442 2254 514 2312 opus
536 2253 641 2293 nouem
662 2234 803 2294 librorum
823 2237 947 2315 spatium
969 2235 1055 2311 longe
1075 2234 1237 2291 excessisse.

293 2339 352 2399 Sed
374 2339 444 2397 haec
466 2342 563 2397 omnia
591 2341 676 2397 nimis
697 2343 822 2413 incerta,
841 2319 967 2398 ¹transeo
997 2341 1084 2414 igitur
1105 2336 1142 2396 ad
1164 2336 1284 2394 demon·

209 2442 372 2516 strandum,
395 2443 466 2522 quid
489 2444 519 2502 in
541 2446 777 2525 interpretatione
799 2446 971 2502 comicorum
993 2444 1168 2522 praestiterit
1189 2443 1285 2520 Lyco-

209 2550 292 2629 phro.
338 2549 374 2607 In
403 2549 449 2607 his
478 2558 574 2608 autem
601 2569 639 2619 ne
666 2552 771 2608 iniuste
796 2549 954 2608 iudicemus
976 2545 1215 2605 considerandum
1240 2557 1286 2606 est

210 2654 315 2733 quibus
338 2653 550 2713 conditionibus
572 2653 608 2712 ad
629 2655 700 2712 haec
719 2654 815 2713 studia
836 2656 994 2713 accesserit.
1029 2650 1129 2732 Atque
1151 2655 1285 2711 maximis

210 2758 422 2837 impedimentis
444 2768 514 2817 tunc
535 2763 671 2840 temporis
692 2762 873 2839 perstrictum
896 2761 984 2819 fuisse
999 2762 1023 2819 si
1038 2762 1102 2838 quis
1119 2757 1286 2816 comoediae
1309 2804 1311 2806 >

210 2883 328 2943 operam
358 2864 536 2943 impenderet
564 2868 629 2944 quis
658 2885 718 2922 non
747 2864 918 2941 intellegat?
961 2865 1118 2925 Scatebant
1146 2883 1216 2922 sane
1238 2884 1286 2921 co-

212 2968 343 3028 moediae
363 2977 406 3027 tot
424 2970 533 3028 facetiis
548 2979 577 3028 et
591 2970 771 3029 irrisionibus
785 2990 858 3048 quas
874 2974 926 3050 qui
940 2992 999 3029 non
1014 2973 1084 3028 ciuis
1098 2969 1286 3027 Atheniensis

211 3084 261 3133 aut
282 3095 379 3134 rerum
400 3076 561 3134 Atticarum
589 3078 778 3154 peritissimus
800 3085 875 3134 esset
897 3078 1013 3134 omnino
1036 3074 1204 3149 intellegere
1224 3095 1285 3132 non

211 3189 323 3261 posset,
355 3190 384 3239 et
410 3200 504 3260 usque
526 3201 559 3240 eo
582 3182 704 3240 refertae
726 3191 808 3240 erant
830 3180 977 3239 uocabulis
999 3200 1017 3237 a
1038 3181 1145 3237 comico
1167 3199 1286 3258 quoque

212 3284 309 3364 lepide
330 3286 402 3344 fictis
424 3289 485 3346 siue
505 3306 543 3345 ex
564 3286 675 3364 uolgari
702 3303 833 3345 sermone
854 3285 1075 3344 Atheniensium
1096 3282 1284 3363 depromptis

213 3411 337 3470 quorum
370 3411 474 3468 magna
505 3411 572 3471 pars
602 3392 787 3451 uoluentibus
813 3394 896 3449 annis
926 3390 1013 3468 plane
1043 3392 1221 3460 euanuisset,
1253 3398 1286 3447 ut

213 3494 291 3554 haud
320 3498 431 3572 exiguis
461 3496 563 3556 studiis
593 3499 618 3554 ei
648 3518 721 3577 opus
749 3504 838 3568 esset,
869 3499 920 3575 qui
941 3489 1136 3553 Alexandriae
1165 3495 1217 3552 has
1239 3513 1286 3552 res

212 3600 322 3659 subiret
343 3602 515 3660 tractandas.
560 3601 647 3662 Unde
667 3610 765 3661 autem
787 3605 942 3682 sumpsisse
962 3612 1096 3680 putemus
1117 3602 1286 3679 Lycophro-

213 3725 280 3763 nem
302 3705 377 3763 hanc
400 3706 571 3765 scientiam?
615 3705 784 3767 Glossarum
809 3707 962 3785 explicatio
984 3707 1021 3765 ab
1045 3707 1164 3765 Homeri
1186 3707 1286 3764 carmi·

213 3810 299 3869 nibus
321 3819 384 3869 orta
405 3814 538 3889 quamuis
560 3819 627 3870 ante
648 3819 778 3890 tempora
807 3814 868 3870 eius
890 3811 1044 3888 diligenter
1065 3816 1192 3870 exercita
1213 3819 1289 3869 esset

214 3914 263 3995 (cf.
287 3917 389 3992 Meier,
421 3936 467 3994 op.
491 3921 521 3978 II
548 3924 584 3977 to
608 3936 668 3995 seq.
699 3917 801 3988 Lehrs,
831 3917 920 3974 Arist.
951 3938 980 3996 p.
1005 3924 1043 3977 42
1067 3937 1127 3994 seq.
1172 3916 1286 3987 Nauck,

213 4021 290 4080 Mus.
313 4023 407 4080 Rhen.
431 4042 459 4078 n.
484 4041 505 4080 s.
530 4025 570 4082 VI
596 4026 664 4082 332.
709 4021 859 4100 Aristopb.
882 4023 954 4099 Byz.
978 4044 1007 4100 p.
1027 4027 1042 4079 7
1049 4030 1064 4082 3
1082 4020 1166 4100 seq.),
1191 4027 1287 4079 tamen
1356 4005 1357 4040 l

215 4124 253 4183 ad
276 4125 401 4185 Atticam
424 4125 600 4184 comoediam
623 4124 701 4184 haud
724 4130 764 4185 ita
785 4127 906 4186 multum
928 4127 1053 4185 ualebat.
1098 4127 1156 4186 Sed
1178 4126 1289 4186 etiamsi
1356 4171 1357 4174 ,
