2792 4767
576 225 770 286 ..5-

135 394 276 455 nonnulla
297 414 334 453 ex
356 394 401 452 his
422 393 524 453 studiis
546 396 576 451 in
598 413 681 452 suum
703 414 787 452 usum
806 403 975 470 conuertere
990 394 1103 452 licuerit
1116 393 1211 472 Lyco·
1283 410 1286 414 ·

136 501 258 581 phroni‚
288 507 429 578 quantum
459 518 496 556 ex
518 500 685 576 fragmentis
707 496 859 557 diiudicari
880 507 990 579 potest,
1014 500 1131 557 omnino
1153 519 1212 558 non

137 606 373 685 circumspexisse
400 603 524 677 uidetur,
556 603 634 663 unde
654 604 764 663 auxilia
785 604 841 663 sibi
862 612 993 683 pararet,
1016 612 1049 662 ut
1069 602 1148 662 haud
1169 605 1212 662 in-

107 721 108 730 *
137 721 204 791 epte
231 709 270 769 ad
299 729 365 769 eum
393 709 501 769 referre
530 709 601 767 mihi
629 707 739 781 uidear,
769 708 848 788 quod
869 709 1008 768 Lehrsius
1038 708 1075 767 de
1104 708 1212 785 glosso-

136 817 255 897 graphis
284 815 342 875 illis
370 815 440 873 dicit
465 814 507 895 (p.
533 812 597 894 44),
628 833 676 873 eos
705 816 746 873 sic
768 816 798 871 in
821 813 999 894 explicandis
1020 815 1140 873 uocibus
1162 815 1212 873 ho·

137 924 250 981 mericis
272 928 400 980 uersatos
423 939 494 993 esse,
518 929 551 978 ut
572 922 650 979 omni
673 919 822 978 doctrinae
842 928 984 1000 apparatu
1006 918 1135 979 destituti
1154 940 1214 980 non

137 1027 266 1086 locorum
297 1022 511 1105 comparatione
541 1044 658 1083 sensum
688 1025 894 1084 uocabulorum
926 1027 1125 1104 exquirerent,
1162 1024 1214 1085 sed

138 1131 282 1213 quidquid
304 1134 428 1211 primum
450 1130 629 1189 intuentibus
651 1150 753 1189 sensus
774 1130 903 1206 flagitare
926 1129 1082 1203 uideretur,
1110 1130 1139 1189 id
1160 1151 1213 1211 pro

137 1239 376 1317 interpretatione
397 1238 566 1313 arriperent.
612 1232 762 1314 (Amplam
785 1235 926 1294 eiusmodi
946 1238 1214 1315 interpretationum

139 1344 337 1403 collectionem
359 1340 449 1398 habes
463 1337 542 1419 apud
557 1340 713 1399 Lehrsium
730 1339 749 1398 l.
767 1359 791 1397 c.
810 1348 839 1398 et
855 1340 1019 1399 Nauckium
1036 1342 1108 1421 prol.
1124 1342 1166 1402 Jl.
1182 1343 1215 1401 Π

138 1471 168 1528 p.
182 1447 308 1527 Vseq.).
352 1446 420 1504 Non
442 1445 564 1504 multum
587 1465 656 1504 sane
677 1445 779 1504 abhis
801 1442 980 1504 distatratio
1003 1446 1214 1525 Lycophronis,

140 1556 191 1632 qui
214 1553 270 1612 loci
292 1554 431 1630 cuiusque
452 1560 556 1609 natura
588 1561 746 1610 commotus
776 1552 979 1630 interpretatus
1008 1552 1045 1610 sit
1074 1548 1216 1632 κόρκορος

139 1678 201 1718 esse
245 1655 385 1736 ἲχθύδιόν
427 1678 474 1729 τι,
519 1655 687 1738 δορπηστὸς
731 1675 793 1715 esse
836 1656 976 1736 ἄριστον,
1024 1655 1213 1731 σελλίζεσθαι

138 1763 348 1842 ψελλίζεσθαι.
394 1761 478 1837 Quae
510 1782 575 1820 cum
604 1764 644 1820 ita
666 1764 725 1820 sint
754 1759 834 1819 haud
855 1763 918 1820 sine
939 1780 1025 1820 causa
1046 1763 1118 1822 alias
1141 1766 1213 1822 cius-

138 1869 218 1929 modi
241 1870 446 1950 explicationes
469 1871 530 1927 sine
551 1869 675 1927 auctoris
695 1870 813 1925 nomine
833 1865 953 1925 traditas
974 1866 1068 1927 eidem
1089 1869 1216 1928 tribuere

139 1976 210 2034 mihi
232 1974 351 2056 uideor3
380 1965 556 2053 nam‘plane
580 1970 705 2031 eundem
726 1970 936 2051 interpretandi
956 1973 1073 2032 modum
1094 1974 1214 2046 redolet,

140 2090 175 2139 ut
196 2100 287 2139 unum
309 2080 473 2159 exemplum
495 2080 621 2149 afferam,
656 2077 746 2136 schol.
769 2078 824 2135 Av.
854 2085 890 2139 14
914 2075 998 2157 (flag
1028 2079 1098 2159 110)
1128 2079 1215 2151 πίναξ

141 2178 219 2254 εἶδος
247 2181 359 2265 ὀρνέου.
403 2184 638 2243 Ratiocinabatur
666 2163 808 2262 interpres
839 2201 936 2240 rerum
969 2183 1131 2243 Atticarum
1164 2188 1215 2244 im·

140 2291 345 2369 peritissimus:
379 2288 395 2348 d
425 2286 634 2366 πινακοπώλης
658 2307 726 2346 aves
755 2287 901 2360 uendidit,
936 2290 1046 2347 πωλεῖν
1074 2299 1117 2349 est
1144 2312 1214 2349 uen-

141 2392 219 2474 dere,
252 2397 341 2472 igitur
368 2394 456 2466 πίναξ
478 2404 521 2453 est
542 2391 652 2475 ὄρνεον,
698 2392 824 2455 Uidetur
844 2393 915 2452 mihi
936 2394 1008 2451 haec
1029 2395 1131 2456 leuitas
1152 2397 1214 2456 solo
1251 2466 1253 2469 y

140 2503 216 2558 inter
237 2501 410 2559 comicorum
432 2509 610 2559 enarratores
632 2499 829 2579 Lycophrone
851 2498 940 2576 digna
961 2519 1032 2562 esse.

227 2604 312 2680 Quae
340 2624 405 2664 cum
432 2607 472 2663 ita
499 2614 594 2665 essent
621 2604 685 2663 fieri
712 2624 772 2663 non
798 2613 912 2684 poterat
937 2606 1010 2682 quin
1038 2626 1215 2666 successores

140 2709 322 2769 acerbissime
351 2727 416 2769 eum
445 2713 626 2788 castigarent.
671 2711 707 2769 In
736 2709 842 2788 quibus
871 2712 997 2790 primurn
1021 2711 1116 2770 locum
1137 2719 1216 2770 tenet

140 2815 357 2888 Eratosthenes,
381 2815 570 2894 Lycophroni
598 2824 655 2873 tam
686 2813 838 2891 diligenter
866 2815 1043 2888 aduersatus,
1075 2825 1108 2874 ut
1128 2836 1216 2896 saepe

140 2923 292 3000 utriusque
312 2920 519 3000 explicationes
540 2923 710 2980 coniunctae
731 2908 955 3000 occunant'(cf.
977 2920 1120 2993 Schmidt,
1143 2921 1213 2980 Did.

140 3047 169 3105 p.
193 3032 243 3090 42.
287 3026 394 3085 Bernh.
425 3048 454 3106 p.
480 3026 564 3108 204).
609 3026 658 3085 Ab
686 3026 882 3106 Aristophane
910 3026 1113 3106 Lycophronis
1142 3048 1215 3107 opus

141 3129 247 3189 lectum
268 3151 330 3191 esse
352 3131 456 3190 docere
477 3131 593 3191 uidetur
613 3133 685 3208 hag.
704 3138 760 3206 853
783 3131 860 3191 idem
880 3133 1001 3191 fortasse
1022 3129 1059 3190 de
1080 3132 1215 3212 Euphro-

143 3238 191 3293 nio
219 3238 306 3294 statui
333 3246 428 3317 potest
457 3235 505 3316 (cf.
529 3258 557 3296 v.
581 3238 736 3297 Wilamov.
760 3237 798 3297 de
819 3237 892 3316 Lyc.
915 3238 1002 3296 Alex.
1026 3258 1054 3316 p.
1078 3236 1121 3316 4).
1165 3239 1215 3297 Ab

142 3340 336 3400 Erathostene
357 3344 380 3400 si
402 3362 477 3421 quae
500 3341 637 3402 derelicta
659 3354 742 3403 erant
757 3341 903 3403 Diodorus
921 3344 1077 3402 confecisse
1090 3341 1214 3417 uidetur,

142 3465 229 3525 quem
258 3447 364 3505 iustum
395 3447 501 3507 librum
533 3449 608 3530 πρὸς
635 3448 829 3532 Λυκόφρονα
860 3450 1007 3527 scripsisse
1035 3449 1144 3507 Athen.
1168 3449 1216 3508 XI

143 3558 203 3614 478
223 3552 251 3611 b.
280 3551 364 3633 (frag.
384 3553 437 3636 76)
457 3563 587 3618 testatur.
631 3555 662 3614 Si
685 3558 773 3633 igitur
793 3554 916 3613 Diodori
938 3553 1154 3613 obseruationes
1176 3557 1217 3613 ita

142 3660 313 3730 excitantur,
336 3668 369 3717 ut
390 3659 473 3717 alteri
496 3663 623 3740 opinioni
647 3663 796 3740 oppositae
817 3663 882 3733 sint,
905 3658 1061 3719 uerisimile
1081 3669 1122 3719 eet
1141 3660 1217 3720 hanc

142 3763 345 3844 Lycophronis
374 3784 445 3825 esse.
489 3765 628 3826 Ultimam
658 3764 784 3844 denique
811 3764 926 3846 plagam
948 3764 1090 3825 Heracleo
1117 3768 1144 3823 ei
1173 3769 1216 3825 in·

142 3872 241 3928 iecisse
273 3870 387 3930 uidetur
420 3869 504 3950 (frag.
539 3871 622 3952 134).
666 3871 755 3930 Nullo
792 3874 880 3948 igitur
914 3874 977 3930 iure
1010 3869 1216 3948 Bemhardyus

143 3994 171 4052 p.
196 3980 255 4036 217
291 3995 416 4054 eumque
442 3985 556 4036 secutus
586 3976 766 4036 Gerhardius
795 3975 846 4057 (de
867 3976 1035 4035 Aristarcho
1065 3975 1215 4054 Aristoph.

143 4080 299 4156 interprete
319 4103 348 4161 p.
379 4081 427 4163 13)
456 4080 635 4141 contendunt
663 4084 794 4140 notitiam
816 4081 1019 4164 Lycophronis
1050 4081 1144 4159 operis
1164 4098 1218 4157 per
