2792 4767
533 301 746 366 „27-

95 496 203 556 ρητα
235 474 362 551 ἥκουσαν
395 472 498 553 (Dind.
530 472 651 551 ἥκουσιν
681 471 762 553 libr.)
795 468 837 541 ὡς
869 477 921 529 νῦν
948 469 1023 547 ἡμῖν
1051 473 1117 551 (νῦν
1146 467 1178 530 έκ

95 578 174 660 (leg.
197 576 257 659 ἐπὶ)
287 586 348 638 τῶν
375 578 550 660 μυστηρίων
575 576 618 659 Θ)
642 573 722 648 iidoc,
753 609 796 621 -·
829 565 1002 655 Ἀπάρρητα
1023 572 1056 634 δὲ
1078 571 1180 656 ἔλεγον

95 683 140 743 τὰ
164 680 348 763 ἀπειρημένα
366 682 537 764 ἐξάγεσθαι.
574 679 625 744 Ἐν
645 691 716 764 γοῦν
729 681 847 752 τούτοις
862 678 994 762 έπιφέρει
1010 678 1180 759 ἀσκώματα

96 789 153 848 καὶ
174 788 242 849 λίνα
263 789 314 849 καὶ
335 789 454 850 πίτταν.
476 822 520 836 -
1222 861 1225 872 .

189 894 286 954 Sobel.
308 895 427 955 Thesm.
452 902 512 958 363
537 892 656 976 (saie).
701 891 802 971 Δηλοῖ
823 890 970 965 ἐνταῦθα,
993 890 1039 951 ὅτι
1063 888 1179 972 λέγουσι

96 999 152 1059 καὶ
176 998 287 1078 ὁμοίως
308 1000 381 1079 ῆμῖν
402 1000 441 1060 τὰ
464 998 631 1082 ἀπόρρητα,
654 999 689 1059 οδ
709 995 803 1076 μόνον
825 995 886 1078 (ἐπὶ
908 1004 969 1056 τῶν
989 995 1058 1056 αδδ.
1074 996 1180 1077 Dind.)

96 1103 352 1187 ἀπηγορευμένων
374 1105 426 1187 (τὰ
448 1101 672 1187 ἀπηγορευμένα
693 1102 801 1185 snit).

190 1212 225 1270 B.
246 1211 305 1270 An.
329 1216 401 1285 434,
420 1218 437 1274 5
462 1209 581 1291 (Sum).
620 1205 794 1290 Ἀπόρρητα
815 1206 914 1267 πάντα
935 1206 974 1266 τὰ
995 1204 1180 1288 ἀπειρημένα

98 1315 153 1374 καὶ
170 1315 397 1395 ἀπηγορευμένα
414 1313 444 1374 ἓν
458 1321 521 1386 τοῖς
533 1312 634 1392 νόμοις
647 1313 789 1395 λέγουσιν.
807 1309 1040 1394 Ἀριστοφάνης·
1057 1310 1069 1394 Η
1086 1309 1181 1383 οὕτως

99 1442 132 1480 τι
157 1416 185 1479 τ’
209 1417 366 1500 ἀπόρρητα
387 1418 463 1502 δρᾶν
483 1416 617 1500 ἐτημέλει
640 1418 760 1500 (Bergk,
779 1417 841 1481 ἐστι
855 1416 937 1497 μέλει
951 1417 1032 1499 libr.)
1049 1415 1060 1500 11
1076 1415 1181 1498 διόπερ

103 1524 156 1583 καὶ
180 1523 219 1584 τὰ
234 1524 277 1603 μὴ
299 1522 466 1606 έξαηώγιμα
480 1523 665 1608 (ἀπόρρητα)
681 1524 886 1604 ὀνομάζουσιν.
921 1525 966 1586 Of.
982 1521 1052 1583 ibid.
1068 1529 1179 1598 219,1.

103 1631 194 1708 Frag.
218 1650 289 1689 com.
313 1635 343 1693 II
369 1637 460 1695 1191.
804 1620 833 1674 '-

191 1736 364 1814 Rebagatur
387 1737 476 1797 schol.
500 1737 556 1817 aq.
574 1741 635 1800 643
658 1736 692 1795 of.
716 1735 804 1794 schol.
824 1735 881 1815 Eq.
899 1739 970 1798 282.
1006 1734 1052 1792 De
1073 1733 1181 1792 Phere-

101 1849 184 1899 crate
205 1841 240 1900 cf.
263 1863 292 1920 p.
321 1849 366 1907 16.
409 1844 484 1902 Hist.
508 1846 570 1902 crit.
596 1850 645 1906 70.
689 1843 777 1918 Frag.
799 1860 871 1900 eom.
895 1844 926 1903 II
950 1844 1022 1903 321.

192 2056 246 2114 16.
280 2055 335 2116 Er.
385 2053 468 2110 Eust.
513 2056 592 2124 302,
631 2055 681 2117 27.
734 2047 847 2110 Ἰστέσν
889 2047 923 2109 δὲ
964 2048 1013 2109 ὅτι
1053 2046 1084 2109 ἓν
1119 2055 1183 2120 τυΐς

106 2155 289 2215 Παυσανίου
319 2154 459 2237 φέρεται,
492 2156 539 2216 ὅτι
570 2177 602 2215 τε
630 2151 767 2237 Ἀρκὰς
795 2162 869 2233 κυνῆ
899 2152 1012 2236 ὶλίηετό
1042 2176 1088 2226 τις
1117 2154 1182 2233 ῆτοι

111 2255 290 2340 Ἀρκαδικὸς
319 2260 402 2332 πίλυς
432 2259 540 2320 διὰτὸ
562 2257 699 2339 {Quom
722 2258 801 2331 εἰκός
829 2283 858 2321 τι
881 2258 1027 2344 διάφορον
1047 2260 1123 2343 πρδς
1143 2260 1183 2320 τὰ

108 2363 241 2444 ὁμοειδῆ,
262 2365 313 2425 καὶ
333 2365 380 2427 ὅτι
408 2364 552 2448 φελλός
580 2388 626 2437 τις
647 2363 769 2448 ε’φέρετο
792 2362 930 2448 Ἀρκὰς
951 2365 1001 2426 καὶ
1023 2365 1070 2427 ὅτι
1092 2362 1183 2447 Ἐρα-

109 2468 258 2550 τοσθένης
290 2471 373 2553 παρὰ
400 2468 524 2553 Ἀρκάσι
558 2472 631 2553 φησὶ
664 2472 773 2554 φελλὸν
806 2470 898 2550 μέσον
934 2495 962 2532 τι
995 2470 1101 2553 πρίνου
1132 2471 1184 2530 καὶ

109 2573 208 2656 δρυός,
238 2575 255 2636 ὃ
285 2572 378 2649 ένίους
408 2577 596 2660 θηλύπρινον
624 2580 735 2652 καλεῖν,
766 2577 816 2638 καὶ
845 2577 891 2638 ὅτι
922 2577 1069 2658 παροιμιά
1090 2569 1128 2655 ἦν
1149 2575 1185 2636 τὸ

116 2678 266 2763 Ἀρκάδας
289 2682 473 2761 μιμούμενος
495 2680 541 2743 ἐπὶ
564 2690 625 2743 τῶν
646 2683 747 2754 ἀλλοις
769 2682 1040 2764 ταλαιπωρούντων
1069 2703 1098 2745 κ.
1113 2702 1141 2745 τ.
1156 2683 1182 2740 λ.

111 2786 153 2847 Cf.
177 2787 388 2868 Theopbrofl.
411 2788 456 2846 Pl.
481 2791 526 2849 III
551 2794 597 2862 16,
615 2795 643 2851 3.
687 2781 730 2849 Ὅ
758 2784 792 2847 δὲ
820 2790 962 2848 καλοῦσιν
990 2783 1018 2846 οἳ
1042 2783 1185 2867 Ἀρκάδες

113 2891 286 2974 φελλόδρυν,
310 2890 428 2952 τοιάνδε
451 2889 510 2970 ἕχει
532 2891 586 2971 τὴν
608 2891 716 2974 φύσιν·
751 2893 791 2965 ὡς
811 2890 868 2971 μέν
889 2893 991 2963 ἁπλῶς
1013 2889 1106 2952 εἰπεῖν
1127 2889 1185 2950 ἀνὰ

110 2994 200 3074 μέσον
228 2997 334 3077 πρίνου
363 2996 413 3056 καὶ
443 2996 533 3078 δρυός
562 2995 658 3058 ἔστιν·
689 2998 741 3057 καὶ
771 2995 845 3058 ένιοί
862 3019 894 3079 ηε
920 2995 1186 3076 ὑπολαμβάνουσιν

115 3094 311 3180 εἶναιδῆλον
331 3108 446 3184 πρῖνον.
483 3103 590 3163 Bernb.
612 3125 641 3181 p.
661 3108 711 3166 83.
732 3104 850 3181 Berger‚
888 3105 969 3163 Erat.
991 3102 1063 3180 flag
1086 3121 1184 3180 geogr.

116 3212 183 3268 353.
227 3208 360 3287 Apparet
379 3207 516 3285 adagium
538 3209 626 3268 fuisse
650 3205 760 3290 Ἀρκὰς
781 3207 905 3290 φελλός,
938 3207 1018 3290 quod
1046 3228 1064 3265 a
1092 3209 1186 3287 poetis

115 3320 281 3391 usurpatum
304 3332 367 3372 esse
388 3312 514 3372 ostendit
535 3315 659 3374 Pauson.
681 3318 754 3377 VIII
775 3319 827 3388 12,
853 3324 876 3380 1.
919 3314 1038 3373 Poterat
1059 3314 1147 3391 igitur
1168 3332 1187 3370 a

116 3419 220 3477 comico
243 3417 369 3497 quodem
391 3417 526 3497 porodice
548 3419 711 3479 adhibitum
734 3438 803 3479 esse.
838 3418 960 3478 Accedit
979 3418 1057 3499 quod
1072 3426 1188 3498 praeter
1252 3435 1258 3444 ’

115 3523 146 3581 B.
169 3522 228 3581 An.
255 3528 335 3585 1393
364 3524 564 3584 Eratosthenis
585 3525 779 3604 geographica
800 3544 819 3582 a
839 3527 1032 3601 grammaticis
1053 3543 1113 3582 non
1134 3522 1185 3582 ad·

117 3628 204 3687 hibita
216 3647 278 3687 esse
288 3627 424 3687 uidentur
435 3630 470 3688 cf.
484 3631 602 3708 Bergeri
613 3628 747 3693 indicem.
770 3629 875 3690 Refero
887 3632 974 3705 igitur
984 3628 1021 3688 ad
1032 3648 1105 3710 opus
1116 3652 1149 3693 π.
1158 3651 1185 3689 κ.

118 3825 165 3890 17„
174 3822 228 3880 Er.
240 3818 536 3899 Schol.Apoll.Rh.s
541 3826 612 3884 232.
648 3837 650 3930 Ι
823 3820 899 3879 Poll.
923 3822 937 3880 I
961 3824 1031 3881 252.

119 3935 615 4026 Λύοάρδτριονεἰσὶνεῖδη,τδμε“ν
648 3957 650 4018 ξ
687 3941 875 4028 Ἀρότρου
903 3942 996 4026 μέρη·
1027 3942 1131 4023 έχέτλη
1150 3942 1187 4003 τὸ

78 4095 81 4099 .
120 4047 235 4126 πηκτόν,
251 4050 287 4110 τδ
301 4048 334 4110 δέ
348 4049 504 4131 αὐτόγυον.
529 4052 614 4131 Πηκ-
683 4049 811 4112 κατόπιν
832 4050 918 4122 Ιξύλον
940 4047 1046 4131 ὀρθόν,
1070 4040 1106 4109 οὗ
1127 4044 1186 4126 iige-

119 4154 167 4266 τῆν
185 4152 241 4232 μέν
262 4155 298 4215 τδ
320 4154 352 4215 ἐκ
373 4159 527 4234 συμβολῆς
549 4153 615 4236 ἔχον
648 4179 650 4230 ζ
684 4178 735 4216 ται
770 4155 786 4216 ὁ
818 4154 946 4234 ἀρότης·
980 4154 1055 4214 αὐτὸ
1087 4151 1121 4213 δι’
1150 4152 1187 4211 τὸ
