2792 4767
566 223 776 285 „39-

51 369 58 376 ⁵
164 404 191 455 7.
226 393 398 475 Apollodori
419 394 622 452 bibliothecam
638 391 687 451 III
707 400 752 467 14,
769 400 797 467 6,
821 399 838 453 3
862 402 928 473 post
948 392 1038 451 uerba
1060 391 1112 450 τὸν
1125 389 1211 471 γόνον

222 500 263 571 εἷς
283 507 339 580 γῆν
361 496 465 580 ἔρριψε
488 518 546 557 non
570 491 770 578 interpolatam
794 518 856 557 esse
878 497 930 557 sed
951 498 1120 559 mutilatam.

159 612 187 668 8.
226 605 310 664 Haud
332 605 521 685 probabiliter
535 604 683 663 Nauekius
704 603 742 662 ed
767 606 850 662 Hom.
877 605 976 665 J558
1000 608 1030 661 in
1045 603 1209 662 Antimachi

222 713 381 787 fragmento
404 711 463 789 (ap.
491 708 597 772 Euseb,
620 711 723 789 Praep.
747 709 801 768 Εν.
817 732 845 789 p.
859 708 962 791 467b)
985 729 1038 789 pro
1058 702 1095 786 ἦν
1116 711 1208 787 suspi-

221 826 303 874 catur
325 812 378 877 ἴεν.

159 928 188 986 9.
222 923 312 980 Recte
331 920 409 1001 apud
431 921 624 982 Gnaltlieinm
645 928 695 995 66,
717 928 749 983 11
776 920 1107 997 Wackernagel-Rieger
1121 918 1212 978 edunt

306 1026 386 1087 Swie
417 1025 503 1085 dicke
528 1026 575 1084 ich
597 1026 658 1086 also
680 1048 761 1100 mcz,
794 1047 827 1087 eo
849 1047 909 1089 was
931 1027 991 1107 (vel
1013 1046 1074 1087 was
1096 1026 1135 1105 ie)
1158 1024 1212 1083 daz

309 1130 383 1191 ende
402 1140 481 1209 gunt.

142 1248 191 1301 10.
225 1237 313 1317 Apud
344 1235 468 1296 eundem
498 1246 554 1311 47,
586 1235 636 1302 718
677 1258 742 1298 cum
770 1239 903 1298 Pfeiffero
935 1236 1117 1297 scribendum
1150 1255 1214 1296 esse
1253 1285 1256 1289 A

225 1363 327 1404 censeo

387 1449 448 1508 Diu
469 1450 568 1507 minne
590 1457 652 1508 tuot
673 1449 855 1508 unlobeliche
876 1468 931 1510 we.

390 1554 491 1613 Hehin
512 1556 611 1614 minne
631 1554 727 1620 heizet
747 1553 798 1614 din
819 1553 873 1640 dez
894 1554 1017 1619 machel.

147 1686 195 1741 11.
229 1678 359 1739 Otfridus
388 1700 453 1738 cum
483 1679 552 1739 dicit
580 1679 692 1761 (Liutb.
718 1681 772 1763 35)
805 1699 836 1738 se
857 1678 984 1738 medinm
1005 1681 1100 1759 operis
1121 1680 1215 1738 novis·

228 1788 300 1844 sime
329 1784 468 1861 edidisse,
499 1786 568 1845 dicit
596 1785 702 1845 librum
732 1787 848 1845 tertium
874 1787 1003 1844 confecto
1025 1788 1082 1843 ianr
1103 1784 1214 1864 reliquo

227 1909 315 1969 opere
334 1911 352 1949 a
373 1893 609 1951 se'retraciatum
632 1911 703 1951 esse.

147 2000 193 2055 12.
227 1997 263 2053 In
292 1998 417 2055 carmine
447 1998 587 2056 theotiscc
610 1998 775 2070 Wernheri‚
809 1995 886 2076 qnod
909 1995 1073 2055 inscribitur
1095 1996 1133 2053 Di
1157 1996 1217 2053 vier

227 2101 346 2160 Schivin
373 2122 445 2161 vers.
476 2109 529 2176 60,
560 2108 599 2164 20
623 2123 683 2182 seq.
719 2102 778 2184 (ed.
802 2102 928 2184 Grimm)
958 2122 995 2160 ex
1018 2109 1068 2175 61,
1096 2106 1131 2162 12
1153 2119 1214 2179 seq.

227 2206 395 2266 restituendi
417 2216 485 2267 sunt

320 2311 358 2371 Se
381 2312 524 2373 inmohtin
546 2312 575 2371 di
598 2312 727 2375 wunden
747 2315 863 2372 nimmir
882 2313 973 2372 solich
994 2314 1086 2374 wesin
1113 2315 1114 2318 ’

319 2417 367 2478 He
386 2418 499 2479 insolde
518 2421 543 2478 ir
565 2417 656 2478 herde
677 2417 736 2480 wel
757 2421 879 2495 ginesin.
