2792 4767
592 622 743 725 Vita.

216 878 310 937 Natus
338 897 402 936 sum
431 875 551 936 Carolus
583 875 719 937 Streclrer
749 875 845 936 Caroli
866 877 886 934 f.
909 874 1003 957 pridie
1024 877 1100 935 Non.
1123 875 1202 957 Sept

131 1003 157 1040 a.
187 986 261 1043 1861
297 981 459 1041 Fritzoviae
481 983 512 1040 in
533 985 597 1040 uico
617 982 853 1041 Pomeranorum.
890 982 1008 1041 Patrem
1027 1002 1087 1040 non
1108 984 1204 1042 minus

130 1095 217 1167 quam
244 1096 364 1145 matrem
393 1086 565 1146 Mathildam
595 1107 612 1145 e
636 1096 723 1165 gente
748 1087 952 1147 Lemckiorum
982 1086 1078 1145 adhuc
1104 1107 1202 1167 super·

129 1200 211 1252 stites
225 1212 289 1253 esse
309 1190 397 1251 ualde
411 1192 511 1251 laetor.
535 1192 638 1253 Fidem
659 1194 796 1273 profiteor
811 1192 1014 1270 evangelicam.
1044 1194 1202 1272 Postquam

130 1296 230 1375 primis
262 1294 421 1357 litterarum
457 1298 606 1358 elementis
639 1318 657 1356 a
685 1308 768 1379 patre
799 1300 944 1357 carissimo
973 1295 1100 1356 imbutus
1129 1317 1202 1368 sum,

129 1423 155 1460 a.
195 1406 272 1462 1875
311 1411 443 1483 receptus
478 1424 542 1463 sum
576 1407 651 1464 inter
682 1406 760 1465 cives
792 1405 935 1483 gymnasii
982 1402 1202 1479 Bugenhagiani

128 1508 355 1587 Treptoviensis,
378 1508 457 1587 quod
486 1517 548 1568 tum
568 1510 603 1567 R.
628 1510 842 1572 Boutarweclrii
863 1511 1055 1590 praeceptoris
1079 1510 1203 1565 maxime

129 1613 200 1671 mihi
227 1613 385 1673 uenerandi
415 1616 548 1694 auspiciis
575 1615 705 1680 florebat,
757 1616 934 1675 Maturitatis
962 1614 1125 1672 testimonio
1160 1613 1201 1668 in·

129 1727 252 1777 structus
273 1740 338 1779 cum
359 1719 584 1795 Argentoratum
606 1740 653 1779 me
673 1721 873 1794 contulissem,
900 1718 994 1778 ordini
1016 1716 1201 1776 iuridicorum

129 1822 290 1902 adscriptus
317 1846 397 1899 sum,
427 1824 514 1884 simul
542 1828 654 1905 patriae
682 1825 782 1886 debita
811 1825 955 1907 stipendia
983 1826 1046 1886 foci.
1089 1824 1201 1881 Exacto

129 1937 258 2007 tempore
279 1931 397 1988 militiae
417 1952 481 1991 cunr
505 1933 535 1990 in
560 1931 690 1990 ordinem
712 1932 924 2011 philologorum
953 1931 1128 1989 transiissem
1150 1947 1203 2007 per

129 2032 186 2092 duo
208 2037 356 2094 semestris
377 2035 476 2095 audini
497 2037 664 2108 Martinam,
682 2037 903 2110 Michaelisium,
920 2038 1084 2105 Nissenum,
1102 2032 1201 2091 Schol-

128 2138 213 2213 lium,
243 2140 435 2213 Schefferum,
465 2140 716 2201 Studemundium.
761 2143 798 2206 A.
835 2149 908 2205 1881
941 2141 1107 2200 Berolinum
1136 2159 1201 2217 pro·

127 2245 218 2304 fectus
239 2244 344 2304 solrolis
366 2247 481 2304 interfui
505 2247 610 2319 Curtii,
633 2248 821 2326 Kirchhoflii,
844 2246 1048 2323 Oldenbergii,
1072 2243 1200 2316 Roberti,

127 2349 268 2426 Schereri,
284 2351 320 2410 de
331 2351 480 2425 Treitzkii,
496 2352 631 2412 Vahlcni.
673 2355 710 2412 Α.
733 2360 809 2416 1882
823 2350 1090 2434 Gryphiswaldiam
1109 2359 1201 2408 trans-

127 2459 266 2532 migraui,
298 2456 347 2516 ubi
378 2478 424 2515 me
453 2456 613 2518 docuerunt
636 2460 761 2533 Knibel,
789 2457 955 2535 Kiessling,
985 2454 1199 2528 Reifferscheid,

127 2561 272 2641 Sohuppe,
295 2561 449 2637 Susemihl,
474 2569 560 2641 Vogt,
583 2564 621 2623 tio
643 2562 1042 2634 Wilamovitz-Moellcnclorf,
1066 2563 1199 2619 Zimmer.
1294 2586 1300 2598 ·

126 2667 276 2743 Kiessling
321 2678 350 2726 et
399 2669 584 2727 Wilamovitz
629 2690 674 2728 me
722 2678 893 2750 receperunt
940 2671 970 2726 in
1016 2668 1200 2726 seminarium

125 2769 345 2849 philologicum,
377 2774 459 2829 cuius
491 2772 597 2831 sodalis
629 2796 682 2852 per
713 2778 769 2833 tria
802 2776 951 2833 semestris
981 2774 1039 2841 fni,
1071 2793 1124 2851 per
1150 2790 1201 2828 sex

126 2896 238 2934 menses
266 2878 370 2935 senior.
415 2879 518 2956 Neque
552 2899 612 2936 non
647 2880 851 2938 Reifferscheid
883 2880 953 2937 milri
988 2878 1132 2957 permisit,
1170 2886 1202 2933 ut

125 2984 269 3041 seminarii
304 2983 434 3041 theotisci
469 3004 522 3061 per
557 2986 612 3042 tria
647 2988 795 3044 semestris
824 2984 931 3043 sodalis
957 3004 1058 3043 essem.
1109 2982 1200 3039 Exer-
1285 3018 1289 3027 ·

125 3088 309 3147 citationibus
346 3108 392 3147 ma
428 3087 625 3148 adhibuerunt
659 3089 774 3162 Scholl,
810 3089 1008 3162 Studemund,
1045 3086 1198 3159 Susemihl,

124 3194 249 3265 Vahlen,
272 3195 360 3269 Vogt,
385 3195 518 3255 Zimmer.

211 3299 325 3375 Quibus
357 3302 427 3358 uiris
460 3300 608 3372 omnibus,
644 3302 777 3380 inprimis
817 3299 970 3372 Kaibelio,
1009 3298 1197 3376 Kiesslingio‚

124 3403 375 3479 Reifferscheidio,
408 3405 445 3463 de
475 3407 696 3479 Wilamovitzio,
730 3408 780 3484 qui
813 3426 963 3484 nunquam
994 3425 1054 3462 non
1088 3425 1198 3462 summa

124 3509 325 3569 benevolentia
351 3531 397 3568 me
424 3512 552 3591 amplexi
580 3520 663 3583 sunt,
695 3513 803 3588 gratias
833 3529 946 3589 semper
976 3509 1089 3567 habebo
1111 3529 1198 3588 quam

124 3638 270 3678 maximas.
