2792 4767
594 236 809 300 ..53-

110 414 112 420 ·
165 432 220 488 της
241 409 319 491 eod.)
342 408 359 468 ό
380 406 562 490 φροντίζων,
585 403 701 467 Μέτων
722 402 959 474 δΛευκονοεές·
981 392 1039 462 0111)
1061 400 1150 471 ὁῖὰς
1164 401 1242 482 11971·

164 536 217 585 νας
240 515 329 594 ἄγων.
362 511 373 596 11
402 513 561 573 Καθεῖται
591 509 624 571 δέ
651 511 701 571 καὶ
731 507 971 588 δΜονότροπος
1000 502 1046 566 ἐπὶ
1069 515 1123 567 τοῦ
1144 506 1243 566 αὐτοῦ

103 619 109 632 “
163 619 307 702 Χαβρίου
337 618 444 699 (Bentl.
472 616 586 697 χωρίου
615 614 693 698 τοδε)
724 613 779 697 (ὡς
799 614 866 673 αδδ.
893 611 1001 695 Dobr.)
1023 609 1148 694 εἴρηται.
1195 612 1240 672 cf.

163 726 319 786 Wilamov.
343 722 504 804 Kydathen
534 729 588 786 167
603 741 663 800 seq.
693 719 887 779 Wachsmuth
909 717 976 777 stdt.
996 717 1105 778 Athen„
1128 722 1143 780 I
1168 723 1241 781 318.

164 833 250 909 Frag.
271 851 342 891 corn.
366 830 399 889 Π
418 834 492 892 1189.
574 893 576 900 ,

249 1045 302 1105 95.
327 1040 401 1107 *ΝΛ
444 1040 540 1101 Schol.
564 1039 654 1119 Vesp.
682 1042 772 1100 1142.
815 1036 1005 1117 Μορύχου
1025 1034 1168 1116 σάγματι.
1195 1070 1243 1085 ν-

170 1150 240 1207 Τῶν
261 1147 328 1228 περὶ
351 1147 468 1228 τρυφὴν
489 1141 719 1205 ἐσπουδακότων
740 1141 757 1201 ό
781 1140 936 1222 Μόρυχος.
966 1195 967 1200 ,

247 1251 343 1312 Schol.
367 1253 441 1311 Aah.
468 1256 526 1314 887
548 1247 643 1330 (Suid.
667 1268 690 1309 s.
708 1245 880 1329 Μόρυχος).
906 1245 1054 1329 Μορύχῳ.
1077 1242 1113 1307 Ὁ
1124 1243 1242 1328 Μόρυ-

163 1377 217 1434 χος
240 1355 287 1415 ἐπὶ
308 1356 466 1442 όφοφαγίῳ
488 1353 686 1437 ἐκωμῳδεῖτο.
724 1338 785 1414 Ἦν
806 1350 840 1412 δέ
861 1351 911 1411 καί
936 1359 997 1412 τῶν
1018 1349 1114 1430 ηδέως
1133 1350 1243 1428 βιούν-

162 1482 232 1520 των.
280 1460 458 1543 Τραγῳδίας
480 1458 513 1519 δὲ
534 1459 659 1538 ποιητὴς
679 1449 775 1529 οὗτος.
820 1458 863 1518 Of.
886 1459 958 1536 fug.
981 1465 1031 1520 24.

249 1677 302 1735 96.
328 1671 401 1735 *Εα
418 1673 487 1731 Hes.
505 1670 725 1752 Μυρρίνην.
762 1667 800 1731 01
822 1667 878 1747 μέν
897 1669 1045 1750 μυρρίνην
1068 1669 1136 1751 (leg.
1158 1693 1241 1750 μυρ-

162 1776 259 1859 σίνην)
282 1780 415 1839 καλοῦσι.
461 1776 571 1840 Herod.
593 1778 625 1836 ΙΙ
652 1782 722 1842 552.

246 1884 281 1942 Β.
296 1884 353 1942 An.
373 1888 443 1956 578,
461 1889 490 1946 6.
528 1879 660 1964 Πόρρω·
683 1915 728 1925 -
749 1880 802 1939 οὐκ
824 1881 922 1962 ἀγνοῶ
943 1878 977 1940 δέ
997 1880 1038 1952 ὡς
1060 1877 1130 1941 ένιοι
1153 1881 1240 1960 παρὰ

161 1986 310 2070 πρόθεσιν
338 1989 394 2068 τὴν
421 1987 497 2070 πρός
519 2008 595 2068 φασι
616 1987 812 2067 γεγενῆσθαι,
841 1985 919 2049 ὥστε
947 1985 979 2046 έν
999 1986 1162 2069 δπερβατῳ
1183 1993 1242 2045 τοῦ

163 2097 383 2177 ργεγενησθαι
412 2093 515 2178 πόρσω
547 2093 597 2152 καὶ
626 2086 791 2169 μεταθέσει
820 2100 875 2152 τοῦ
902 2092 991 2164 σἐίς
1018 2091 1054 2153 τὸ
1076 2092 1101 2176 ρ
1122 2079 1239 2174 πόρρω.

167 2200 231 2262 Οὐκ
253 2200 362 2279 όήθως
382 2198 416 2260 δέ
444 2200 495 2260 καὶ
517 2200 552 2259 τὸ
578 2196 667 2268 σείς
687 2199 724 2259 τὸ
747 2223 764 2282 ρ
791 2199 981 2277 μεταπίπτει,
1005 2199 1046 2272 ὡς
1066 2201 1085 2278 ἡ
1106 2198 1240 2282 μυρσίνη

160 2305 306 2385 μυρρίνη,
344 2307 472 2385 θαρσεῖν
509 2308 645 2388 θαρρεῖν,
692 2306 736 2367 Cf.
769 2304 860 2365 Orion
897 2326 919 2367 s.
953 2302 1065 2386 πόρρω.
1110 2308 1160 2367 Et.
1192 2308 1238 2367 M.

162 2415 233 2483 683,
258 2416 310 2472 42.
354 2411 402 2468 Et.
427 2408 505 2469 Gud·
530 2416 607 2485 301,
633 2417 682 2475 23.
718 2408 827 2470 Herod.
859 2413 887 2469 II
918 2416 989 2485 383,
1014 2417 1063 2471 27.
1090 2418 1160 2492 530,
1185 2419 1237 2474 33.

162 2520 232 2588 572,
251 2519 300 2576 26.
346 2514 389 2574 Of.
413 2516 484 2593 frag
511 2524 561 2577 75.

249 2727 301 2783 97.
324 2723 377 2784 Er.
421 2720 518 2781 Schol.
542 2715 620 2780 Nub.
656 2725 728 2785 552.
764 2756 805 2766 -
841 2716 1064 2799 Ἐρατοσθένης
1096 2717 1132 2779 δέ
1162 2742 1238 2801 φησι

161 2824 363 2902 Καλλίμαχον
385 2824 518 2906 ἐγκαλεῖν
540 2832 607 2897 ταῖς
630 2824 854 2901 διδασκαλίαις,
882 2824 929 2885 ὅτι
951 2824 1092 2908 φέρουσιν
1111 2823 1239 2906 ὕστερον

160 2927 254 3010 τρίτῳ
275 2924 333 2987 έτει
359 2929 412 2989 τόν
434 2932 582 3012 Μαρικᾶν
604 2939 665 2990 τῶν
686 2933 876 3011 Νεφελῶν
899 2932 952 3010 (οῖ.
969 2931 1058 2991 schol.
1085 2937 1155 3004 549,
1169 2933 1236 3009 23),

160 3040 266 3114 σαφῶς
294 3032 431 3094 ἐνταῦθα
459 3033 614 3116 εἰρημένου
636 3035 681 3095 ότι
704 3033 849 3117 πρότερον
871 3038 1024 3100 καθεῖται.
1068 3034 1238 3097 Λανθάνει

161 3129 193 3198 δ’
219 3139 321 3216 αὐτὸν,
344 3141 444 3221 φησὶν,
467 3140 514 3200 ὅτι
536 3138 567 3200 έν
587 3137 643 3218 μέν
664 3147 732 3211 ταῖς
761 3139 972 3220 διδαχθείσαις
994 3138 1079 3202 οὐδέν
1099 3148 1238 3201 τοιοῦτον

161 3241 286 3325 εἴρηκεν,
316 3244 348 3305 ἓν
374 3245 407 3306 δι’
436 3253 503 3317 ταῖς
528 3245 653 3326 ὕστερον
675 3245 959 3318 δίασκευασθει1ταις
981 3245 1009 3306 εί
1028 3244 1143 3327 λέγεται
1166 3246 1237 3328 (leg.
1303 3265 1307 3274 ·

159 3345 260 3430 λέγει),
284 3348 369 3410 οὐδέν
384 3351 504 3414 ότοπον.
528 3349 574 3411 Αἱ
588 3351 780 3412 διδασκαλίαι
794 3349 827 3411 δὲ
844 3350 934 3430 δῆλον
950 3351 996 3412 ὅτι
1011 3351 1066 3423 τὰς
1080 3350 1237 3432 διδαχθεί-

159 3474 216 3524 σας
245 3452 379 3537 φέρουσι.
423 3456 501 3527 Πῶς
532 3452 568 3516 δ’
602 3458 637 3517 οδ
665 3457 799 3518 συνεῖδεν
827 3455 873 3518 ότι
902 3456 952 3516 καὶ
981 3452 1012 3516 ἐν
1033 3459 1077 3541 τῷ
1102 3460 1236 3546 Μαρικᾷ

160 3561 408 3641 προτετελεότηκε
430 3557 548 3638 Κλέων,
579 3560 610 3622 έν
637 3561 670 3623 δέ
699 3569 767 3634 ταῖς
788 3559 939 3644 Νεφέλαις
967 3560 1082 3643 λέγεται
1105 3564 1194 3646 (581)
1220 3564 1234 3649 11

160 3658 241 3724 Εἶτα
263 3665 316 3725 τὸν
337 3668 456 3727 θεοῖσιν
477 3664 591 3748 ἐχθρὸν
611 3666 825 3750 βυρσοδέψηνς
847 3666 859 3751 ΙΙ
885 3667 949 3728 Οια.
973 3670 1011 3727 V.
1032 3670 1068 3728 R.

245 3771 295 3831 Ad
317 3771 441 3831 eundem
462 3774 555 3832 refero
577 3773 666 3833 schol.
688 3773 768 3833 Nub.
792 3781 864 3837 591.
904 3776 1012 3834 Ταῦτα
1037 3771 1070 3834 δέ
1091 3775 1152 3834 ἀπὸ
1173 3784 1236 3836 τῶν

159 3874 363 3957 προτέρων
389 3879 586 3959 Νεφελῶν.
633 3877 711 3938 Τότε
738 3878 795 3959 γὰρ
824 3875 877 3960 ίζη
905 3879 922 3939 ό
948 3876 1066 3942 Κλέων.
1110 3876 1178 3960 Ἐπί
1201 3879 1236 3941 δέ

160 3981 276 4041 τούτων
304 3979 442 4062 τέθνηκε.
487 3983 552 4043 Καὶ
581 3983 639 4064 γὰρ
668 3983 801 4055 Είίπολις
828 3984 907 4063 μετὰ
934 3983 1071 4045 θάνατον
1093 3983 1236 4059 Κλέωνος

158 4085 211 4145 τὸν
234 4089 381 4169 Μαρικᾶν
409 4086 554 4168 ἐποίησεν.
597 4089 664 4149 Καὶ
690 4089 751 4168 μὴν
774 4089 814 4160 ῶς
834 4089 913 4167 μετὰ
935 4088 1072 4151 θάνατον
1092 4087 1237 4164 Κλέωνος
