2792 4767
669 242 883 304 -10-

325 412 383 472 Sed
405 420 438 472 ut
459 414 490 470 in
511 412 556 471 his
579 432 642 471 cum
665 411 862 490 Lycophrone
883 410 1092 490 comparandus
1115 417 1158 469 est
1180 411 1320 489 Euphro-

240 520 315 590 nius,
346 520 386 575 ita
415 519 446 575 in
475 517 540 575 aliis
567 516 653 593 longe
680 516 730 575 illo
753 518 943 595 praestantior
964 516 1027 575 fuit
1070 514 1143 574 Cum
1165 517 1243 573 enim
1264 515 1320 573 ille

240 632 299 681 tam
327 624 458 699 angustis
487 622 593 706 finibus
622 642 684 682 sese
709 624 896 693 continuerit,
926 630 960 680 ut
988 624 1047 681 suis
1068 623 1158 701 ipsius
1180 622 1321 699 quamuis

240 727 376 787 tenuibus
397 726 507 786 uiribus
530 728 653 787 confisus
676 730 772 787 onmia
800 726 929 786 subsidia
950 728 1193 807 interpretationis
1215 744 1320 803 asper-

240 840 366 905 naretur,
387 832 576 912 Euphronius
597 832 752 911 diligenter
771 832 893 891 aliorum
908 834 1013 912 copias,
1030 835 1055 891 si
1069 830 1139 910 quid
1154 829 1320 889 adiumenti

241 935 310 995 inde
331 940 461 1017 accipere
485 938 599 1011 liceret,
629 946 824 1018 perscrutatus
846 957 908 996 esse
929 936 1053 999 uidetur.
1097 936 1197 1016 Atque
1217 937 1317 1014 Lyco-

240 1043 360 1121 phronis
385 1042 492 1103 librum
520 1043 557 1102 ab
579 1064 612 1103 eo
641 1044 747 1102 lectum
769 1062 832 1102 esse
852 1041 1003 1122 probabile
1025 1051 1076 1104 est.
1121 1044 1194 1101 Erat
1214 1051 1315 1101 autem

238 1156 299 1207 tum
321 1148 442 1208 Homeri
469 1150 667 1229 interpretatio
697 1148 838 1208 Zenodoti
864 1147 1006 1207 industria
1034 1149 1160 1206 maxime
1186 1148 1314 1220 exculta,

239 1272 275 1309 ex
298 1274 364 1332 qua,
377 1273 553 1332 quamquam
574 1274 592 1312 a
614 1254 780 1313 comoediae
800 1256 911 1312 ratione
929 1252 1111 1325 abhorrebat,
1127 1261 1224 1311 tamen
1239 1273 1314 1311 non·

237 1357 318 1417 nulla
338 1361 369 1417 in
391 1379 474 1418 suum
495 1379 579 1419 usum
601 1368 715 1419 uomere
735 1368 833 1438 posset
849 1362 992 1437 interpres
1006 1360 1188 1417 comicorum.
1222 1356 1314 1433 Quod

237 1463 397 1523 studiorum
418 1484 510 1542 genus
530 1467 684 1544 arripuisse
712 1475 741 1523 et
763 1486 844 1524 suam
872 1467 955 1543 quasi
977 1484 1107 1523 normam
1128 1464 1229 1522 fecisse
1250 1464 1312 1522 Eu·

237 1568 392 1647 phronium
420 1572 583 1629 testimonio
613 1580 656 1629 est
684 1570 755 1646 frag.
781 1577 829 1641 87,
859 1589 916 1649 quo
944 1568 1080 1627 docemur
1102 1588 1167 1627 eum
1189 1567 1313 1628 dubium

236 1673 274 1732 de
295 1675 503 1751 significatione
525 1674 731 1734 uocabulorum
750 1674 890 1755 Λιπαροὶ
913 1672 1002 1744 πόδες
1023 1672 1060 1731 ad
1082 1674 1201 1732 Homeri
1222 1676 1312 1733 inter-

236 1787 331 1858 pretes
353 1782 515 1857 confugisse
537 1790 564 1839 et
583 1801 659 1859 quae
680 1778 759 1858 apud
781 1780 846 1839 illos
864 1782 1014 1839 inuenerat
1028 1799 1126 1838 eorum
1140 1781 1312 1839 auctoritate

235 1886 376 1945 retulisse.
434 1886 547 1945 Eodem
583 1885 669 1945 modo
705 1884 742 1944 ad
780 1886 900 1945 Homeri
934 1888 1105 1963 interpretes
1140 1904 1312 1945 reuocamur

234 1992 306 2068 frag.
332 1998 381 2065 57,
405 1995 485 2051 euius
508 1990 667 2051 doctrinam
689 2011 727 2050 ex
748 1993 959 2051 commentariis
981 1992 1142 2049 Homericis
1164 1999 1311 2069 sumptam

235 2117 305 2170 esse,
333 2117 398 2157 cum
419 2098 582 2179 Euphronii
609 2097 768 2157 studiorum
792 2098 1010 2156 Homericorum
1038 2116 1181 2174 nusquam
1200 2097 1309 2155 mentio

233 2203 299 2275 fiat,
334 2202 438 2262 docent
466 2204 556 2267 schol.
587 2206 622 2262 A
644 2210 693 2276 34,
729 2202 762 2262 Ψ
781 2209 850 2265 693.
895 2204 943 2260 Ex
972 2202 1017 2260 his
1045 2200 1147 2261 studiis
1175 2203 1308 2260 notitiam

234 2311 382 2384 signorum
405 2311 565 2368 criticorum
588 2319 657 2368 tunc
677 2311 814 2386 temporis
835 2306 914 2366 haud
934 2309 975 2365 ita
988 2310 1158 2366 usitatorum
1172 2307 1309 2367 babuisse

235 2412 359 2487 uidetur,
389 2435 457 2472 narn
486 2414 601 2473 obelum
628 2412 745 2492 quidem
768 2414 825 2470 iam
846 2433 864 2469 a
886 2413 1034 2471 Zenodoto
1055 2422 1222 2491 usurpatum
1244 2433 1308 2473 esse

235 2528 348 2578 constat
377 2519 426 2600 (cf.
449 2522 588 2594 Diintzer,
619 2521 656 2580 de
685 2519 793 2578 Zenod.
823 2520 898 2577 stud.
929 2519 1014 2577 Hom.
1044 2541 1072 2597 p.
1097 2524 1147 2580 35.
1191 2519 1306 2592 Nauck,

233 2625 323 2686 Arist.
347 2625 419 2703 Byz.
442 2648 470 2706 p.
498 2626 559 2707 16),
605 2626 690 2702 Quae
719 2647 783 2685 eum
813 2627 854 2684 ita
881 2626 939 2683 sint
966 2644 1099 2701 magnam
1121 2632 1232 2701 partem
1254 2644 1306 2682 cx-

234 2732 419 2811 plicationum
453 2734 484 2790 in
514 2732 627 2791 scholiis
658 2732 887 2811 Aristophaneis,
921 2750 997 2809 quae
1029 2749 1066 2788 ex
1096 2731 1309 2789 commentariis

235 2835 387 2895 homericis
408 2840 515 2917 petitae
536 2847 612 2910 sunt,
635 2838 672 2896 ab
693 2838 864 2917 Euphronio
886 2836 1002 2895 allatam
1025 2855 1086 2895 esse
1107 2834 1202 2894 credo.

321 2941 378 3001 Sed
402 2946 513 3002 etiamsi
535 2942 675 3002 nonnulla
696 2963 733 3000 ex
754 2944 819 3001 aliis
840 2941 967 3002 fontibus
988 2960 1120 3021 promere
1137 2951 1258 3020 poterat,
1276 2944 1309 3000 in

232 3047 379 3126 plerisque
407 3046 444 3105 ad
473 3067 534 3107 rem
564 3069 623 3107 non
644 3048 797 3107 faciebant.
841 3048 940 3126 Atque
961 3049 992 3105 in
1013 3048 1059 3106 his
1078 3067 1208 3106 summae
1227 3046 1308 3108 laudi

198 3137 200 3142 ⁸
233 3154 259 3210 ei
292 3150 477 3211 tribuendum
510 3161 567 3225 est,
601 3146 679 3232 quod
713 3154 915 3233 Lycophronis
946 3162 1083 3230 angustos
1115 3154 1187 3212 fines
1219 3154 1308 3232 longe

233 3265 427 3333 transgressus
449 3258 525 3316 bene
554 3258 698 3317 intellecta
722 3262 895 3318 comicorum
917 3260 1028 3317 ratione
1050 3258 1203 3335 diligenter
1224 3280 1308 3339 paro·

233 3361 295 3420 dias
324 3371 413 3441 atque
440 3363 558 3421 facetias
585 3363 722 3441 detegere
745 3357 894 3435 studebat,
923 3372 956 3422 ut
985 3367 1071 3423 etiam
1097 3384 1308 3444 nonnunquam
1364 3353 1365 3356 ¹

233 3467 298 3546 plus
313 3487 401 3545 quam
415 3469 469 3547 ipsi
483 3468 637 3528 uoluerant
655 3472 684 3528 in
705 3472 746 3529 eis
762 3472 908 3529 inuenisse
920 3468 1055 3529 uideatur
1070 3469 1117 3550 (cf.
1133 3470 1206 3546 frag.
1222 3470 1305 3551 116).

232 3571 332 3650 Atque
360 3593 447 3651 quom
474 3572 533 3631 late
561 3576 707 3652 patuerint
735 3574 831 3634 studia
859 3577 920 3634 eius
943 3596 1034 3655 pauca
1055 3576 1215 3652 fragmenta
1236 3579 1307 3635 satis

232 3675 445 3751 demonstrant,
467 3676 616 3737 Alcmanis
635 3679 719 3760 (frag.
734 3679 787 3760 67)
807 3680 989 3759 Bacchylidis
1004 3680 1088 3761 (frag.
1104 3681 1168 3760 27),
1186 3682 1308 3741 fortasse

171 3815 173 3819 >
232 3781 424 3861 Hipponactis
447 3782 547 3864 (144),
572 3783 692 3843 Hesiodi
715 3784 815 3866 (146),
838 3785 1005 3845 Callimachi
1028 3785 1097 3867 (71)
1119 3789 1246 3846 carmina
1267 3787 1305 3846 ab

233 3886 361 3945 colecta
382 3907 445 3947 esse
466 3888 614 3964 uidemus,
636 3909 733 3968 noque
754 3892 849 3950 minus
868 3893 1041 3969 tragicorum
1054 3890 1175 3965 fabulas,
1196 3895 1307 3972 quippe

232 3994 283 4071 qui
322 4013 472 4073 nunquam
507 4014 566 4054 non
602 4014 620 4052 a
651 3998 766 4055 comicis
797 3995 987 4056 irriderentur
1016 3997 1159 4056 euoluisso
1191 3997 1307 4057 uidetur

232 4097 319 4178 (frag.
354 4099 417 4180 99).
462 4101 499 4158 In
536 4098 682 4159 historiam
717 4101 876 4161 litterarum
909 4122 974 4160 eum
1007 4104 1189 4182 inquisiuisse
1221 4102 1305 4162 docet
