2792 4767
642 212 851 277 ,76-

296 388 381 447 142.
403 385 462 445 Ειι.
506 381 603 442 Schol.
626 381 750 461 Dionys.
773 381 879 443 Thrae.
903 406 932 464 p.
960 388 1029 445 782.
1077 381 1305 442 Φοινίκεια

211 486 245 550 δὲ
274 488 312 548 τὰ
340 485 506 568 γράμματα
535 484 677 567 ἐλέγοντο,
707 484 748 557 ὥς
770 508 861 568 φησιν
881 478 1016 570 ’Ἑφορος
1037 486 1053 548 δ
1075 492 1216 566 Κυμαῖος
1243 486 1304 546 καί

211 589 383 676 Ἡρόδοτος,
406 590 468 652 ἐπεὶ
496 591 633 664 Φοίνικες
655 583 742 671 εὗρον
763 591 852 662 αὐτά.
896 591 1065 675 Εὐφρόνιος
1080 590 1113 652 δὲ
1127 592 1174 652 ὅτι
1187 591 1306 674 μίλτῳ

213 698 247 760 τὸ
270 695 415 780 πρότερον
438 694 592 779 ἐγράφετο,
616 695 635 775 γ’
658 695 720 759 ἔστι
740 696 853 779 χρῶμά
875 710 904 759 τι
927 698 1083 781 φοινίκεον.

295 818 371 880 Ibid.
394 842 424 899 p.
450 824 520 886 783.
561 812 603 878 Ἢ
633 818 789 901 φοινίκεια,
812 818 874 881 ἐπεὶ
903 820 954 881 διὰ
975 819 1093 899 μίλτου,
1124 816 1197 898 ὅπερ
1224 814 1300 879 ἐστὶ

208 932 320 1007 χρῶμα
343 932 503 1006 φοινικοῦν,
526 923 672 1007 πρότερον
693 924 848 1008 ἐγράφετο.
884 924 972 1002 Quod
993 917 1089 984 nescio
1104 944 1142 983 an
1156 923 1302 1002 uulgaris

210 1033 309 1111 opinio
343 1032 430 1089 fuerit
465 1028 544 1110 apud
576 1030 713 1091 Graecos.
769 1032 812 1092 cf.
847 1034 877 1089 in
908 1029 979 1090 diris
1011 1029 1151 1090 Teiorum
1196 1028 1302 1110 (Rthl

212 1134 265 1195 Nr.
288 1142 347 1199 497
373 1133 492 1216 37ί38).
536 1134 632 1196 Schol.
663 1135 741 1195 Plut.
774 1141 844 1199 277.
890 1137 983 1195 Locos
1012 1137 1154 1212 congessit
1185 1134 1303 1194 Hulle·

212 1261 289 1312 man,
313 1242 386 1301 Dur.
410 1240 487 1301 Sam.
510 1239 592 1319 reliq.
615 1261 644 1320 p.
670 1245 720 1303 87.
764 1237 812 1298 Ad
842 1241 1044 1322 Euphronium
1073 1242 1197 1320 pertinet
1235 1240 1301 1300 for·

210 1354 288 1405 tasse
308 1348 394 1405 etiam
416 1345 504 1406 schol.
528 1345 596 1404 Pae.
621 1350 692 1410 303.
1193 1330 1196 1333 .

212 1645 235 1688 g
297 1614 375 1671 143.
400 1608 485 1672 *Ειλ
522 1609 692 1673 schottv.
718 1615 787 1673 693.
815 1607 925 1680 Χάος
947 1601 984 1687 ἧν
1005 1608 1147 1680 καὶΝάξ.
1178 1610 1298 1668 Ταῦτα

211 1714 265 1774 οάκ
287 1714 447 1795 ἀναγκαῖον
469 1713 653 1775 ἀπευθύνειν
674 1714 749 1796 πρὸς
770 1714 809 1775 τὰ
829 1711 972 1776 Ἡσιόδου
988 1712 1007 1794 ἢ
1022 1712 1097 1796 πρός
1111 1737 1178 1796 τινα
1194 1714 1297 1774 άλλου

212 1818 293 1891 τινὸς
314 1817 497 1900 γενεαλδγου.
541 1820 613 1878 Hes.
636 1820 749 1898 Theog.
777 1828 834 1884 116
858 1840 917 1899 seq.
964 1822 1007 1882 cf.
1030 1822 1101 1898 frag.
1130 1826 1198 1884 146.

256 2095 258 2098 ’
295 2091 377 2151 144.
399 2089 459 2149 Eu.
489 2085 584 2146 Sthol.
608 2086 752 2149 Avqtsst.
777 2084 886 2166 (Suid.)
917 2084 1151 2166 Χαραδριὸν
1171 2084 1292 2162 μιμού-

211 2211 307 2266 μενος.
345 2189 514 2271 Εὐφρόνιος
536 2189 568 2251 ἐκ
590 2198 645 2250 τοῦ
661 2189 829 2271 χαραδριὸν
845 2190 1028 2268 μιμούμενος
1048 2191 1129 2262 ἀξιοῖ
1139 2187 1292 2268 δέχεσθαι

212 2292 483 2375 ἀποκεκρυμμένος.
527 2292 610 2355 Ἐπεὶ
638 2294 696 2376 γδιρ
722 2297 793 2367 τοὺς
818 2294 980 2375 ίκτερινοὺς
1012 2296 1125 2376 ὠφελεῖ
1148 2295 1164 2355 ὁ
1182 2318 1291 2376 χαρα-
1329 2363 1331 2366 ,

212 2381 296 2478 δριδς
317 2397 435 2480 ὀφθείς,
459 2395 486 2458 οἶ
507 2402 675 2471 πωλοῦντες
696 2401 798 2475 αὐτὸν,
822 2401 894 2482 φησὶ
917 2399 1005 2482 (φασὶ
1021 2399 1109 2483 cod.),
1133 2400 1290 2479 κρύπτου-

210 2526 268 2578 σιν,
288 2501 341 2563 ίνα
360 2503 403 2582 μὴ
425 2502 484 2584 πρὸ
505 2510 560 2563 τοῦ
580 2502 765 2583 ὠνήσασθαί
784 2528 829 2577 τις
852 2505 930 2590 ιάθῇ
949 2504 1111 2588 παρέργοις,
1142 2496 1290 2589 [Ἄλλως]

211 2609 267 2692 (ὡς
287 2605 359 2691 παρ’
389 2604 571 2669 Ἱππώνακτι
603 2608 679 2669 addo
702 2611 736 2669 σί.
761 2609 966 2695 Suid.)t1Kat
996 2612 1057 2690 μὴν
1078 2611 1221 2672 καλύπτει
1247 2610 1290 2681 ὡς

207 2714 375 2796 χαραδριὸν
396 2713 514 2794 περνάς.
543 2712 554 2797 Η
589 2710 731 2796 Ἀνδρέας
751 2714 786 2776 δί
805 2739 878 2799 φησι
900 2725 961 2777 τῶν
984 2717 1137 2797 ἷκτερινῶν
1158 2717 1193 2776 οὐ
1215 2718 1290 2786 τοὺς

213 2818 339 2894 ῗδόντας,
363 2820 440 2880 ἀλλὰ
461 2821 531 2890 τοὺς
553 2819 706 2901 φαγόντας
726 2820 977 2882 ἀπαλλάττεσθαι
999 2829 1054 2881 τοῦ
1073 2820 1202 2891 πάθους.
1240 2819 1287 2881 cf.

211 2925 300 2986 schol.
323 2925 398 2984 Plat.
424 2925 540 2988 3523.
575 2926 682 3003 Bergk.
706 2926 740 2989 P.
763 2928 799 2988 L.
822 2928 866 2989 ΙΙ4
890 2932 961 2995 480.

297 3048 367 3109 Hes.
391 3045 577 3128 Χαραδριάς.
610 3041 702 3118 Είδος
722 3046 835 3130 ἀρνίου.
879 3048 993 3108 ΑθΙίαο.
1018 3072 1050 3112 π.
1072 3048 1096 3124 ζ.
1117 3049 1210 3108 XVII
1236 3054 1286 3113 13.

296 3315 372 3371 145.
396 3313 449 3371 Er.
495 3310 575 3369 Erot.
602 3315 671 3383 136,
700 3316 736 3372 13
765 3308 845 3391 (Kl.)
876 3311 911 3369 X
917 3316 1004 3369 εἴαι.
1041 3305 1181 3387 Ἐπικλῆς
1209 3329 1285 3392 φησι

210 3414 325 3494 ψυχαί·
350 3416 403 3475 οὐκ
425 3414 538 3496 ὀρθῶς.
572 3418 665 3476 Χεΐαι
683 3412 743 3496 γάρ
757 3414 829 3476 εἰσιν
843 3413 1035 3493 ὑποδήματος
1054 3415 1285 3495 γυναικείου

211 3514 297 3596 εἶδος,
320 3517 407 3580 καθά
429 3541 520 3601 φησιν
542 3516 764 3602 Ἐρατοσθένης
785 3519 834 3579 καί
850 3519 1078 3601 Καλλίστρατος
1102 3516 1132 3580 ἐν
1161 3538 1179 3588 ς
1207 3540 1283 3597 συμ·

210 3626 335 3704 μίκτιον.
378 3624 436 3684 Pro
459 3634 592 3706 corrupto
613 3624 717 3704 ψυχαί
735 3623 875 3698 Schmidt,
895 3624 963 3684 Did.
986 3646 1015 3705 p.
1033 3631 1071 3687 56
1094 3625 1158 3684 uult
1178 3624 1283 3702 σάκχοι

210 3730 259 3790 uel
287 3728 442 3808 συκχάδις.
487 3731 596 3791 Dubito
629 3740 727 3789 autem
759 3750 829 3789 num
858 3732 924 3809 quis
952 3729 1125 3790 uocabulum
1152 3733 1283 3807 ignotum

211 3840 309 3915 ignoto
339 3835 534 3916 explicaturus
562 3838 655 3897 fuerit.
700 3834 783 3895 Idem
809 3834 888 3895 unde
909 3837 940 3894 in
962 3834 1016 3894 hoc
1036 3836 1196 3912 fingmento
1218 3835 1282 3893 Eri-

289 4064 359 4124 Hes.
370 4065 459 4127 Χῖαι.
470 4058 681 4142 Ὑποδήματος
695 4063 870 4144 ἀνδρείου
883 4056 1013 4141 είδο[υ]ς.
1030 4061 1138 4122 Bemh.
1148 4062 1219 4137 frag.
1229 4062 1280 4121 IV·
1391 4133 1392 4158 ξ
