2792 4767
534 220 748 285 „19-

97 410 195 474 saepe
222 387 313 450 doctis
341 391 569 470 expositionibus
596 390 634 449 de
655 391 814 470 originibus
835 393 992 453 uerborum
1013 392 1182 456 disseruisse

98 497 223 559 uidetur
243 497 315 574 hug.
340 500 409 569 108,
437 502 505 559 136.

193 603 266 665 cem
286 604 432 663 Atticismi
454 609 514 661 tam
535 609 685 661 accuratus
705 600 875 663 obseruator
895 613 987 680 esset,
1009 615 1042 664 ut
1063 614 1182 686 propter

100 712 177 771 uitia
200 711 232 767 in
259 709 315 768 hoe
342 726 449 785 genere
477 702 628 766 commissa
659 705 773 766 fabulas
804 707 944 787 quasdam
977 712 1090 791 spurias
1118 731 1181 771 esse

100 813 261 887 iudicaret,
294 814 421 873 rationes
448 814 588 873 sermonis
615 812 706 871 Attici
733 812 771 871 ab
801 832 836 871 eo
864 814 996 875 sollerter
1024 816 1180 877 illustratas

99 940 168 981 esse
187 920 371 980 manifestum
393 927 437 978 est
457 919 530 997 frag.
554 925 604 991 55,
630 924 679 980 75.
724 917 859 978 Ceterum
881 917 919 977 de
937 917 1066 981 dialectis
1084 925 1180 982 minus

99 1026 232 1099 curabat,
254 1025 312 1084 nisi
332 1021 412 1102 quod
433 1044 643 1103 nonnunquam
665 1021 818 1082 dialectum
843 1023 1055 1102 Cyrenensium
1079 1035 1179 1107 utpote

98 1133 214 1213 patriae
224 1150 295 1190 suae
305 1137 500 1208 comparatam
510 1127 677 1188 adhibuisse
685 1127 802 1188 uidetur
815 1126 901 1209 (flag.
914 1134 961 1205 18,
970 1136 1020 1203 52,
1031 1137 1080 1203 90,
1094 1131 1177 1213 125).

190 1236 246 1295 His
268 1233 438 1292 breuissime
457 1231 636 1293 adumbratis
657 1234 751 1293 elucet
775 1244 917 1313 quantum
938 1254 991 1315 per
1011 1235 1178 1294 Eratosthe-

100 1364 172 1405 nem
199 1340 297 1401 studia
324 1340 498 1398 comicorum
526 1348 611 1398 aucta
638 1347 727 1419 atqua
755 1341 883 1420 perfecta
903 1342 975 1414 sint,
1006 1350 1039 1400 ut
1059 1341 1127 1400 licet
1147 1343 1178 1400 in

101 1446 226 1525 singulis
257 1445 348 1505 multa
379 1443 444 1503 aliis
474 1445 624 1524 reliquerit
653 1453 681 1503 et
711 1445 881 1522 corrigenda
908 1455 938 1505 et
966 1443 1177 1525 amplificanda,

100 1561 202 1612 tamen
222 1552 332 1631 primus
352 1549 540 1610 fundamenta
560 1552 703 1631 posuerit,
734 1550 840 1629 quibus
866 1554 929 1611 nixi
950 1570 1127 1610 successores
1149 1552 1180 1609 in

100 1658 207 1717 altiora
228 1654 479 1737 progrederentur.
525 1654 611 1731 Quae
630 1674 696 1715 cum
719 1657 760 1716 ita
781 1666 877 1717 esseut
899 1676 972 1737 opus
995 1657 1057 1715 eius
1077 1677 1096 1715 a
1115 1675 1180 1736 per·

100 1764 201 1825 multis
222 1761 404 1822 lectitabatur
426 1770 456 1820 et
476 1760 694 1841 compilabatm.
739 1759 871 1836 Quorum
892 1780 999 1839 agmen
1021 1759 1101 1823 ducit
1117 1761 1179 1821 An·

99 1867 187 1928 dreas
207 1865 336 1928 medicus
358 1865 478 1947 (Polyb.
490 1866 520 1924 V
542 1864 605 1946 81),
636 1885 724 1945 quem
745 1866 946 1926 Eratosthenis
974 1867 1065 1928 libros
1086 1870 1178 1948 impu·

99 1972 205 2033 denter
226 1971 370 2053 expilasse
399 1971 444 2052 (ni
464 1970 549 2030 fallor
578 1966 610 2029 iv
630 1971 674 2052 τῷ
695 1970 763 2051 περὶ
785 1978 846 2030 τῶν
872 1970 996 2047 ψευδῶς
1017 1993 1177 2033 πεπιστευ-

98 2075 199 2156 μένων
220 2076 328 2135 Athen.
352 2079 409 2137 VH
431 2080 492 2137 312
516 2074 556 2158 e.)
584 2078 647 2155 ipse
674 2076 883 2135 Eratosthenes
912 2085 1034 2135 testatur
1062 2078 1111 2136 Et.
1134 2077 1176 2136 M.

103 2188 174 2255 198,
191 2186 231 2242 20
253 2183 289 2240 cl'.
312 2182 346 2239 B.
369 2179 427 2240 An.
450 2185 511 2241 226
535 2179 769 2261 Βιβλιαίγισθος
785 2176 927 2263 Ἀνδρέας
947 2180 964 2241 δ
986 2180 1088 2264 ίατρδς
1108 2181 1176 2243 ἐπε-

99 2285 205 2365 κλήθη
227 2285 357 2367 (ἐκλήθη
380 2287 413 2344 Β.
436 2285 488 2367 Α.)
519 2285 577 2344 ὑπὸ
606 2282 853 2366 Ἐρατοσθένους,
880 2284 927 2345 ὅτι
954 2284 1060 2370 λάθρα
1083 2289 1177 2349 αὐτοῦ

98 2390 140 2451 τὰ
159 2391 267 2470 βιβλία
287 2388 460 2474 μετέγραψε
483 2387 625 2473 (ἔγραφεν
645 2392 680 2450 Β.
697 2390 761 2474 Α.).
807 2391 844 2449 In
865 2392 911 2451 his
933 2394 1065 2472 inprimis
1087 2394 1176 2454 libros

97 2520 131 2559 π.
154 2517 233 2573 κωμ.
255 2496 465 2575 intellegendos
487 2517 549 2558 esse
571 2496 651 2557 credi
672 2504 777 2578 potest
813 2495 862 2555 Ab
884 2496 1082 2577 Aristophane
1103 2519 1176 2580 opus

97 2600 262 2661 adhibitum
284 2623 347 2662 esse
368 2606 478 2685 quippe
499 2606 551 2683 qni
564 2603 767 2663 Eratosthenis
785 2600 945 2661 doctrinam
960 2600 997 2661 de
1011 2603 1176 2664 accentibus

96 2707 288 2788 perpoliuisse
309 2706 442 2768 uideatur
463 2708 615 2788 probabile
636 2717 689 2768 est
734 2707 838 2785 Neque
864 2708 960 2767 minus
984 2707 1071 2767 huius
1092 2708 1175 2769 disci-

96 2812 184 2893 pulus
199 2813 380 2873 Callistratus
401 2833 468 2874 eum
489 2816 642 2894 usurpauit
662 2813 735 2890 frag.
751 2819 819 2875 145.
853 2813 900 2871 De
914 2811 1080 2873 Polemonis
1100 2813 1175 2874 libro

97 2916 174 2997 πρὸς
195 2916 233 2978 Ε.
256 2917 391 2979 diximus.
436 2919 589 2978 Difficilior
610 2926 708 2978 autem
734 2928 778 2978 est
799 2920 928 2997 quaestio
950 2916 989 2976 de
1009 2918 1174 2992 Timarcho,

96 3044 184 3104 quem
206 3042 243 3082 ex
264 3024 372 3083 Athen.
399 3032 481 3086 sote
513 3023 669 3105 Τίμαρχος
697 3022 728 3083 ἓν
756 3021 892 3105 τετάρτῳ
914 3013 981 3105 περὶ
1008 3032 1062 3084 τοῦ
1083 3020 1173 3106 'Epo-

97 3126 261 3201 τοσθίνους
281 3125 395 3210 Ἑρμοῦ
422 3130 624 3190 Eratosthenis
646 3129 786 3188 Hermam
815 3127 883 3187 data
904 3148 993 3208 opera
1015 3127 1174 3207 explicasse

97 3242 229 3295 statuunt
258 3232 361 3315 (Mein.
384 3235 471 3294 Anal.
494 3234 580 3295 Alex.
604 3256 632 3313 p.
650 3241 696 3297 ll.
743 3234 846 3307 Hiller‚
873 3235 954 3293 Erat.
978 3252 1065 3291 carm.
1088 3234 1172 3314 reliq,

96 3362 128 3418 p.
143 3338 206 3419 74),
218 3358 287 3397 nam
300 3342 471 3419 comparatis
485 3340 687 3400 Eratosthenis
701 3350 731 3399 et
745 3340 894 3398 Timarchi
909 3339 1006 3398 uerbis
1021 3338 1105 3420 (frag
1118 3341 1172 3422 25)

95 3444 147 3503 Er.
178 3450 240 3503 τῶν
267 3443 325 3525 γὰρ
353 3447 471 3526 φιαλῶν
492 3443 520 3506 οἳ
542 3446 600 3524 ὀμ·
669 3446 746 3504 Tim.
777 3443 951 3522 πεπαῖχθαί
977 3465 1023 3516 τις
1049 3440 1087 3504 ἂν
1109 3444 1173 3525 οἰη-

96 3547 185 3632 φαλολ
215 3545 266 3608 καὶ
293 3557 354 3610 τῶν
381 3552 550 3629 βαλανείων
571 3549 599 3612 οἳ
669 3549 741 3630 θείη
784 3549 840 3629 τὴν
881 3546 968 3625 itas,
1013 3548 1091 3611 διότι
1134 3553 1173 3612 τὰ

94 3653 184 3716 θόλοι
218 3653 389 3736 παρόμοιοι·
424 3654 465 3729 εἲς
498 3655 532 3717 δὲ
563 3656 599 3718 vd
668 3659 794 3717 πλεῖστα
816 3663 878 3715 τῶν
906 3650 1050 3735 Ἀθήνησι
1071 3659 1171 3734 fiala·

96 3754 173 3832 εἶδος
187 3761 240 3820 οὐκ
256 3760 426 3842 ἀρρύθμως
440 3761 597 3837 παίζονται
668 3761 754 3822 νείων
785 3760 941 3839 κυκλοειδῆ
978 3768 1045 3833 ταῖς
1076 3785 1172 3823 κατα-

667 3874 787 3938 σκευαῖς
816 3864 888 3927 tura
917 3868 988 3939 τοὺς
1009 3865 1172 3948 ἐξαγωγοὺς

667 3968 726 4051 ἕχει
748 3972 827 4032 κατὰ
847 3970 948 4049 μέσον,
970 3968 1019 4054 ἐφ’
1039 3963 1076 4031 οὗ
1092 3975 1170 4050 χαλ·
1195 3977 1197 3979 ’

667 4087 737 4149 κοῦς
759 4078 896 4159 ὀμφαλὸς
918 4075 1036 4139 ἔπεστιν

956 4195 973 4247 2
981 4196 995 4224 *
