2792 4767
623 237 837 300 ..42-

192 403 283 488 λέγει,
313 407 396 467 καθὸ
425 405 499 486 πρός
527 408 620 477 θεοὺς
647 403 753 466 έσοιτο.
802 398 879 483 “ipa
901 402 934 465 όὶ
956 414 1010 465 τοῦ
1032 404 1113 489 ἱεροῦ
1133 404 1267 486 πολέμου

190 512 368 591 μνημονεύει
397 519 451 571 τοῦ
479 509 635 591 γενομένου
661 507 837 591 Ἀθηναίοις
865 510 940 591 πρὸς
966 510 1093 584 Φωκέας
1114 510 1190 594 ιὶπέρ
1211 521 1268 573 τοῦ

191 616 223 677 έν
243 616 374 698 Δελφοῖς
396 614 485 698 ἱεροῦ.
524 611 732 695 Ἐοχειὶίασται
755 613 788 676 δὲ
808 610 861 676 ὑπ’
890 618 1002 681 αὐτῶν.
1047 616 1094 678 Οὐ
1114 617 1172 699 γὰρ
1192 617 1269 700 πρός

93 725 96 729 ’
197 720 324 794 Φωκέας
345 720 421 803 ὑπὲρ
443 721 552 781 τούτου
573 718 768 801 ἐπολέμησαν,
791 711 860 781 ἀλλ’
893 720 968 803 ιὶπέρ
995 721 1136 799 Φωκέων,
1159 723 1209 783 διὰ
1230 722 1270 783 τὸ

191 828 267 910 πρὸς
288 826 555 905 Λακεδαιμονίους
576 823 677 905 ἔχθος.
722 825 866 907 Γεγόνασι
895 824 929 886 tle*
957 826 1012 886 όάο
1036 826 1160 905 πόλεμοι
1184 824 1266 908 ἱεροί.

193 932 349 1015 Πρότερος
377 931 433 1011 μέν
459 932 718 1010 Λακεδαιμονίοις
747 932 828 1014 πρὸς
860 929 986 1004 Φωκέας
1018 929 1093 1014 ὑπὲρ
1126 932 1266 1013 Δελφῶν.

192 1038 260 1099 Καὶ
289 1037 494 1120 κρατήσαντες
522 1045 576 1097 τοῦ
605 1034 685 1118 ἱεροῦ
707 1034 950 1114 Λακεδαιμόνιοι
981 1038 1036 1117 τὴν
1064 1036 1270 1119 προμαντείαν

191 1142 275 1225 παρὰ
301 1142 431 1225 Δελφῶν
458 1140 577 1222 ἔλαβον.
618 1134 762 1222 Ὕστερον
790 1137 825 1200 (li
853 1140 946 1223 τρίτῳ
976 1138 1034 1203 ἔτει
1064 1150 1118 1202 τοῦ
1145 1139 1270 1223 πρώτου

192 1246 322 1326 πολέμου
337 1239 512 1330 Ἀθηναίοις
534 1248 608 1330 πρὸς
629 1244 895 1323 Λακεδαιμονίους
916 1244 991 1328 ὑπὲρ
1018 1245 1160 1311 Φωκέων.
1199 1246 1267 1307 Καὶ

192 1354 227 1414 τὸ
250 1351 327 1436 ἱερὸν
348 1351 507 1415 ἀπέδωκαν
531 1355 682 1429 Φωκεῦσι,
705 1348 849 1433 καθάπερ
871 1351 921 1410 καὶ
939 1352 1104 1436 Φιλόχορος
1126 1351 1156 1413 ἓν
1178 1359 1216 1435 τῇ
1236 1345 1270 1411 rl'

192 1458 278 1541 λέγει.
314 1459 474 1526 λΚαλεῖται
494 1456 529 1519 δέ
551 1456 638 1541 ἱερός,
661 1456 708 1518 ότι
729 1456 796 1539 περὶ
819 1464 873 1516 τοῦ
894 1456 925 1517 ἓν
947 1458 1078 1541 Δεληοῖς
1102 1455 1183 1539 ἱεροῦ
1203 1454 1269 1538 ἓγέ·

193 1587 268 1627 νετο.
312 1562 441 1648 Ἱστορεῖ
456 1564 524 1646 περὶ
545 1565 638 1624 αὐτοῦ
659 1562 708 1622 καί
735 1560 923 1642 Θουκυδίδης
950 1563 980 1644 (Ι
1008 1563 1078 1644 112)
1105 1563 1156 1623 καὶ
1172 1556 1269 1643 Ἔρα-

192 1668 340 1750 τοσθένης
360 1670 392 1731 ἓν
414 1671 457 1752 τῷ
478 1660 519 1729 θ’
542 1669 592 1728 καὶ
610 1666 790 1745 Θεόπομπος
811 1665 842 1726 ἓν
862 1669 906 1751 τῷ
924 1665 966 1729 κέ.
1004 1670 1074 1732 Ηεε.
1097 1690 1120 1737 ε,
1136 1690 1163 1731 v.
1187 1666 1271 1750 ἱερὸν

192 1774 325 1854 πόλεμον
345 1777 408 1855 (Et.
431 1776 474 1836 M.
498 1781 570 1850 469,
588 1773 641 1855 22)
670 1773 836 1832 Philochori
858 1776 1052 1834 narrationem
1073 1791 1204 1834 seruasse
1224 1777 1271 1833 ui·

192 1881 285 1942 detur.
322 1882 466 1941 Dubitare
486 1878 554 1938 lieet
574 1887 671 1938 utrum
692 1878 788 1954 glossa
801 1880 1003 1940 Eratosthenis
1013 1881 1272 1962 chronographioie

192 2008 230 2047 en
259 1990 339 2067 operi
369 2010 400 2048 π.
423 2009 452 2050 κ.
483 1983 669 2044 attribuenda
697 1985 748 2045 eit..
787 1985 825 2042 In
856 1986 1062 2065 interpretibus
1091 2007 1109 2045 e
1138 1984 1270 2065 Didymo

194 2095 340 2171 castigetis
361 2092 430 2153 uide
451 2110 489 2150 ne
510 2090 699 2169 Euphronius
720 2088 816 2149 lateat
861 2091 967 2149 Bernh.
1000 2092 1072 2169 frug.
1095 2089 1268 2172 xxvlss).

236 2306 288 2364 60.
303 2304 358 2364 Er.
380 2301 477 2361 Sohol.
490 2301 587 2380 Apoll.
600 2300 694 2360 Rhod.

193 2407 310 2469 Atto.
339 2395 618 2487 ἚπἼκριόφιν.
651 2406 695 2465 Τὸ

194 2508 289 2591 ίκριον
307 2518 361 2569 τοῦ
379 2507 464 2570 ἱστοῦ
477 2508 576 2592 μέρος.
615 2511 696 2590 Φησὶ

193 2612 227 2675 (λέ
243 2606 468 2697 Ἐρατοσθένης
490 2615 520 2677 ἓν
541 2618 584 2700 τῷ
598 2607 695 2698 Ἀρχι-

194 2722 370 2804 τεκτονικηὶ·
386 2719 478 2798 ἱστός,
492 2721 612 2805 πτέρνη,
625 2745 695 2804 καρ·

189 2826 306 2904 χη’σιον,
345 2826 510 2908 θωράκιον,
548 2826 695 2907 ἠλακάτη,

193 2930 308 3012 κεραία,
325 2929 489 3013 ίκριον....
505 2932 545 2992 τὰ
563 2930 596 2993 δὲ
617 2932 696 3015 άκρα

194 3034 384 3119 άκροκέραια.
428 3036 558 3110 Κάλωες
585 3036 627 3114 δέ,
650 3030 692 3098 ‹lt’

193 3133 235 3202 ὧν
263 3140 416 3204 στέλλεται
446 3143 481 3203 τό
510 3141 612 3220 ἱστίον,
646 3143 696 3202 διὰ

193 3245 303 3332 κρίκων
325 3246 536 3328 διειλημμένοι.
574 3250 698 3310 Τούτων

193 3349 227 3412 (λε’
248 3349 276 3412 οἱ
296 3332 381 3414 κάλοι
410 3346 454 3425 οἷς
478 3353 639 3435 κατάγεται
661 3333 697 3415 τό

193 3454 287 3518 ἱστίον
314 3456 456 3541 μέσουροι
485 3457 634 3541 λέγονται,
669 3458 696 3520 οἱ

192 3558 226 3621 (λε’
257 3556 408 3641 ἑλκόμενοι
439 3564 481 3636 είς
511 3564 636 3649 πράραν
667 3564 697 3639 ἔξ

193 3661 334 3750 ἱκατέρου
369 3667 477 3751 μέρους
515 3679 570 3731 τοῦ
613 3668 698 3732 ἱστοῦ

864 2300 973 2360 Athen.
996 2305 1040 2364 XI
1064 2302 1164 2363 tulf.

766 2404 982 2488 (Καρχήσιον).
1004 2403 1225 2486 Ἀσκληπιάδης
1239 2401 1271 2464 ό)

765 2509 986 2593 όΜυρλεανὸς
1012 2511 1184 2590 κεκλῆσθαί
1208 2532 1271 2593 ρη-

764 2638 813 2677 σιν
835 2617 909 2676 αὐτὸ
926 2614 987 2677 ἀπό
1005 2638 1085 2688 τινος
1102 2624 1163 2677 τῶν
1180 2615 1211 2676 έν
1231 2621 1272 2697 τῇ

765 2721 811 2802 νηὶ
852 2720 1158 2800 κατασκευασμάτων.
1205 2724 1271 2781 Tot

764 2828 822 2909 γὰρ
852 2825 937 2889 ἱστοῦ
965 2827 1000 2887 τό
1025 2825 1082 2906 μὲν
1101 2825 1271 2887 κατωτάτω

765 2930 877 3014 πτέρνα
908 2936 1053 3010 καλεῖται,
1080 2933 1099 3012 ἣ
1129 2931 1267 3011 ε’μπίπτες

765 3035 807 3109 είς
836 3038 888 3097 τόν
909 3037 1007 3118 ληνόν,
1034 3038 1070 3098 τό
1091 3035 1119 3098 ‹l’
1146 3031 1208 3098 οἷον
1227 3037 1270 3109 εἷς

764 3141 857 3222 μέσον
883 3143 1041 3226 τράχηλος,
1074 3143 1110 3203 τό
1138 3140 1172 3203 δέ
1194 3143 1270 3225 πρός

766 3249 810 3331 τῷ
831 3247 907 3309 τελει
929 3249 1102 3331 καρχήσιον.
1133 3241 1219 3327 Ἔχει
1234 3245 1267 3308 <ll

765 3362 854 3414 τοῦτο
868 3353 989 3436 κεραίας
999 3355 1061 3414 άνω
1072 3354 1271 3426 συννευοόσας

765 3450 815 3541 ἐφ’
839 3454 966 3542 ἑκάτερα
981 3460 1020 3520 τὰ
1033 3457 1120 3541 μέρη,
1137 3459 1187 3520 καὶ
1203 3457 1266 3519 lnt-

766 3587 861 3625 κειται
905 3566 940 3626 τό
985 3565 1141 3647 λεγόμενον
1185 3566 1270 3648 αὐτῷ

766 3670 931 3753 θωράκιον,
962 3670 1147 3753 τετράγωνον
1169 3669 1268 3754 πάντη

281 3920 315 3986 ¹¹)
332 3924 454 3975 Gloeeem
474 3926 565 3985 ἴουλος
587 3926 661 3988 (Hes.
685 3926 761 3978 Phot
786 3927 868 3979 schol.
894 3928 982 3994 Apoll.
1000 3927 1049 3978 Rh.
1067 3928 1090 3977 B
1107 3927 1148 3978 43.
1166 3927 1190 3976 A
1208 3925 1273 3991 972)

193 4013 283 4062 neseio
310 4027 373 4062 num
400 4011 526 4065 Schmidt.
543 4014 606 4065 Did.
625 4016 667 4078 66,
693 4016 789 4067 Neber.
812 4016 912 4082 proleg.
932 4017 964 4067 14
988 4018 1061 4082 operi
1079 4032 1109 4065 π.
1128 4033 1152 4066 κ.
1176 4014 1271 4067 deberi

192 4105 292 4164 putent
327 4100 379 4151 Est
395 4116 427 4152 ex
445 4102 551 4155 Herma.
