2792 4767
676 228 887 291 ..15-

246 402 309 458 usui
332 418 396 458 esse
417 407 544 479 possent,
568 417 680 456 summa
701 396 841 456 industria
862 399 999 472 contulit,
1027 396 1079 457 sed
1101 400 1130 455 in
1151 399 1332 457 uniuersum

245 507 408 564 aestimanti
431 524 496 562 eum
519 503 642 582 plurima
665 523 717 562 suo
739 505 856 580 ingenio
877 501 985 564 debere
1005 505 1192 563 manifestum
1217 512 1275 562 est.

310 586 410 689 Atque
426 612 552 689 primum
571 608 687 688 quidem
705 619 798 668 artem
811 610 937 668 criticam
952 607 989 667 ad
1004 608 1225 667 comoediarum
1241 608 1334 667 uerba

247 713 447 775 constituenda
466 713 635 788 adhibitam,
657 734 734 794 quae
752 736 770 773 a
784 714 979 793 Lycophrona
999 722 1030 772 et
1042 713 1220 793 Euphronio
1243 713 1334 793 plane

247 821 351 878 omissa
374 828 443 893 erat,
467 821 576 899 primus
598 821 743 879 factitasse
763 819 888 878 uidetur.
924 818 1108 899 Quamquam
1131 820 1213 877 enim
1228 828 1334 877 notum

248 934 291 983 est
319 927 440 1005 primam
469 927 573 983 iustam
602 928 774 985 comicorum
803 927 1000 984 recensionem
1021 923 1216 1003 Aristophani
1241 925 1334 982 tribui

248 1028 366 1109 (Nauck
394 1052 422 1108 p.
449 1030 511 1110 63),
544 1039 640 1090 tamen
670 1034 726 1090 iam
749 1031 987 1103 Eratosthenem,
1017 1032 1070 1089 etsi
1100 1029 1268 1110 editionem
1297 1028 1333 1088 ad

247 1154 376 1192 normam
398 1132 529 1194 codicum
549 1135 794 1195 accommodatam
815 1155 874 1195 non
895 1137 996 1195 fecisse
1017 1133 1141 1207 uidetur,
1163 1132 1206 1192 de
1230 1135 1334 1193 uerbis

248 1240 454 1299 constituendis
476 1261 591 1300 curasse
612 1240 802 1300 demonstrari
823 1241 947 1300 arbitror
969 1242 1042 1316 frag.
1070 1246 1136 1302 149.
1161 1276 1203 1283 —
1238 1235 1332 1319 Ἔρα-

247 1342 394 1424 τοσθένης
422 1341 454 1404 δὲ
485 1352 546 1404 τῶν
566 1346 780 1422 ψευδαττικῶν
808 1369 892 1418 τινας
913 1344 1040 1428 γράφειν
1062 1344 1134 1427 φησὶ
1157 1344 1204 1404 τὼ
1229 1345 1332 1425 quiqu

249 1449 353 1532 (Dind.
383 1458 444 1510 τῶν
466 1450 583 1532 ψήφων
604 1452 681 1529 vulg.
711 1454 755 1535 τῷ
776 1453 792 1511 ὃ
813 1451 912 1534 ψήφῳ
936 1456 972 1515 V.
996 1453 1039 1533 τῷ
1060 1449 1159 1531 ψήφῳ
1180 1451 1331 1510 Fritzsch.

249 1577 287 1618 an
316 1555 368 1615 τὸν
396 1564 503 1637 ψῆφον
511 1557 540 1637 2)
570 1554 682 1634 λαβών,
711 1557 762 1616 ‘ira
792 1558 842 1616 uui
873 1557 912 1617 τὰ
944 1553 1137 1633 πεπλασμένα
1168 1553 1330 1636 δράματα,

249 1661 280 1722 ἓν
307 1654 350 1732 οἷς
378 1660 414 1721 τὸ
442 1660 587 1742 παράπαν
616 1670 705 1722 τοῦτο
732 1639 883 1742 ἠγνόηται,
914 1662 987 1743 δοκῇ
1015 1662 1058 1740 μὴ
1087 1662 1330 1722 σεσολοικίσθαι.

249 1766 344 1843 Quem
373 1767 466 1826 locum
495 1786 578 1826 seeus
609 1787 643 1825 ac
670 1770 725 1828 uiri
754 1767 831 1827 docti
862 1766 982 1847 (Bernh.
1014 1789 1044 1845 p.
1075 1772 1151 1838 224,
1180 1767 1330 1827 Fritzsch.

248 1874 322 1931 Rari.
345 1895 374 1951 p.
401 1871 475 1954 377)
504 1872 649 1950 intellego,
679 1873 901 1932 Eratosthenem
930 1872 1038 1931 dixisse
1066 1872 1227 1932 nonnullos
1250 1889 1329 1950 ψευ-

249 1977 408 2049 δαττικοὺς
436 1981 468 2037 in
497 1977 552 2036 hoo
573 1979 720 2037 Ranarum
748 1998 835 2037 uersu
856 1978 987 2037 consulto
1009 1977 1128 2036 formam
1152 1978 1232 2037 male
1256 1980 1331 2037 Atti-

248 2103 311 2141 cam
332 2086 486 2164 scripsisse,
517 2092 550 2143 ut
575 2086 674 2164 spuria
703 2084 833 2143 dramata
862 2082 968 2142 talibus
989 2084 1067 2141 uitiis
1089 2082 1255 2141 deformata
1277 2084 1330 2142 hoe

250 2189 397 2247 Ranarum
425 2189 488 2247 loco
511 2188 744 2248 defenderentur.
789 2188 870 2265 Quos
892 2197 987 2248 autem
1009 2191 1211 2265 grammaticos
1236 2191 1329 2249 Fritz·

251 2293 347 2351 schius
368 2293 524 2369 intellegat,
548 2312 612 2351 eum
634 2302 703 2351 ante
725 2294 947 2353 Eratosthenem
968 2294 1049 2353 nulla
1070 2293 1158 2352 editio
1179 2293 1263 2353 faeta
1285 2296 1328 2363 sit,

250 2396 402 2456 obscurum
433 2407 483 2457 est.
529 2398 592 2456 Imo
613 2398 821 2457 Eratosthenes
850 2398 1008 2478 compluria
1030 2400 1207 2478 exemplaria
1232 2402 1328 2459 Rana·

250 2524 313 2560 rum
335 2502 451 2561 fabulae
472 2502 614 2575 adhibuit,
638 2511 670 2561 ut
692 2523 729 2562 ex
751 2506 922 2584 comparatis
937 2506 1024 2562 uariis
1039 2504 1210 2563 lectionibus
1227 2522 1328 2564 ueram

250 2610 420 2686 scripturam
448 2609 578 2684 eliceret3
611 2610 641 2667 in
671 2628 730 2687 quo
759 2606 838 2687 quod
864 2608 1047 2668 librariorum
1068 2610 1250 2687 negligentia
1273 2610 1327 2668 fac·

159 2772 162 2779 ,
251 2721 312 2772 tum
334 2723 395 2773 erat
416 2714 454 2773 ad
476 2714 627 2773 consilium
649 2714 766 2793 aliquod
789 2714 940 2773 referebat.
986 2716 1042 2774 His
1063 2715 1271 2775 collationibus
1292 2716 1329 2770 ita

251 2839 319 2878 usus
350 2839 413 2879 esse
439 2820 563 2893 uidetur,
593 2830 626 2878 ut
651 2841 711 2879 non
733 2818 888 2880 editionem
911 2829 1032 2893 curaret,
1056 2819 1106 2879 sed
1129 2823 1159 2879 in
1181 2839 1328 2879 commen·

251 2926 330 2983 tariis
359 2923 438 3004 quod
468 2945 569 2984 uerum
598 2924 654 2983 sibi
683 2925 830 2985 uideretur
851 2934 1011 2984 annotaret.
1057 2925 1205 2984 Acerrime
1229 2938 1328 2984 autem

251 3030 417 3108 inquirebat
437 3034 468 3089 in
489 3031 611 3102 fabulas,
635 3043 704 3089 num
727 3034 789 3089 iure
810 3034 921 3090 auctori
938 3033 1043 3109 cuique
1060 3030 1276 3104 tribuerentur;
1299 3032 1328 3086 in

251 3156 309 3214 quo
339 3156 410 3216 quas
438 3141 564 3197 rationes
593 3146 707 3198 secutus
735 3139 773 3195 sit
802 3136 906 3195 docent
927 3137 999 3212 frag.
1028 3143 1094 3209 149,
1120 3143 1169 3197 46.
1214 3139 1244 3194 A
1269 3135 1328 3193 dia·

252 3242 325 3300 lecto
354 3244 430 3300 enim
453 3245 549 3302 Attica
577 3241 731 3319 diligenter
752 3241 905 3301 obseruata
926 3244 950 3300 si
973 3246 1002 3299 in
1024 3240 1129 3300 fabulis
1151 3240 1327 3319 quibusdam

251 3347 345 3406 recedi
369 3346 524 3421 uideretur,
549 3349 603 3406 hoc
624 3368 676 3426 pro
698 3347 804 3406 indicio
827 3347 954 3405 habebat
975 3346 1087 3405 fabulas
1109 3367 1171 3405 esse
1192 3346 1326 3426 supposi-

252 3454 341 3513 ticias.
386 3451 500 3527 Quibus
521 3455 644 3532 aliisque
666 3452 703 3512 de
725 3456 817 3511 causis
839 3453 1019 3510 Pherecratis
1037 3452 1223 3510 Metallenses
1240 3452 1327 3510 Nico-

253 3558 355 3615 macho
377 3557 523 3617 tribuebat
546 3558 630 3639 (lrag.
655 3566 705 3620 93.
728 3559 795 3619 hist.
819 3561 880 3616 crit.
903 3564 940 3618 69
958 3578 1018 3636 seq.
1042 3557 1148 3633 Bergk,
1172 3563 1325 3615 comment

253 3661 280 3719 d.
305 3681 328 3719 c.
347 3663 384 3720 A.
405 3663 456 3721 rel.
479 3687 508 3741 p.
533 3664 618 3744 298).
664 3663 737 3723 Cum
760 3666 848 3740 igitur
870 3662 906 3721 de
928 3662 1059 3741 pluribus
1081 3663 1264 3721 Pherecratio
1287 3662 1326 3718 fa-

251 3767 328 3826 bulis
349 3771 507 3846 antiquitus
529 3768 692 3828 dubitatum
714 3775 765 3844 sit,
792 3768 957 3828 Meinekius
979 3771 1087 3848 optimo
1108 3770 1172 3826 iure
1192 3767 1230 3826 ab
1252 3769 1326 3825 Era-

252 3873 385 3932 tosthene
413 3873 488 3932 hanc
518 3874 725 3935 dubitationem
757 3884 863 3933 motam
896 3893 959 3932 esse
986 3875 1115 3932 coniecit.
1159 3874 1260 3953 Atque
1290 3870 1327 3928 de

253 3977 359 4036 eisdem
382 3979 602 4040 Metallensibus
629 3983 820 4060 suspicionem
849 3982 970 4057 apponit
993 3978 1100 4037 Athen.
1124 3981 1194 4052 XV,
1219 3984 1279 4041 685
1298 3995 1325 4033 a.

252 4082 357 4142 Eidem
392 4085 567 4144 Nicomacho
604 4085 785 4145 Pherecratis
818 4086 972 4145 Chironem
1010 4084 1174 4143 attribuisse
1210 4082 1328 4143 uidetur
