2792 4767
659 216 874 280 ..66-

314 389 389 448 113.
415 381 489 448 *En
533 385 609 445 Plut.
633 386 738 446 Moral.
762 392 821 449 785
845 385 874 445 b.
920 385 1062 446 Πῶλον
1089 383 1122 446 ιλί
1149 385 1206 446 τόν
1241 409 1327 469 τρα-

229 488 328 572 γῳδὸν
359 485 581 572 Ἐρατοσθένης
613 490 663 550 καὶ
702 489 867 572 Φιλόχορος
898 488 1066 574 ἱστοροῦσιν
1098 467 1328 571 ἑβδομήκοντα

231 591 283 674 έτη
311 592 503 676 γεγενημένον
531 594 610 655 ὀκτὼ
640 596 809 680 τραγῳδίας
839 595 870 656 ἐν
899 594 1057 679 τέτταρσιν
1085 594 1219 678 ημέραις
1249 597 1327 658 δια-

229 699 421 782 γωνίσασθαι
442 699 551 783 μικρόν
573 696 746 781 ἔμπροσθεν
767 710 822 781 τῆς
843 705 990 781 τελευτῆς.
1036 703 1080 763 cf.
1104 702 1182 764 Gell.
1211 704 1256 763 N.
1283 705 1324 764 A.

231 809 273 867 VI
297 813 323 870 5.
368 806 476 866 Bernh.
507 806 579 885 frag.
603 807 658 866 IX.
705 808 840 867 Fortasse
870 810 965 886 aptius
992 806 1030 866 ad
1059 808 1326 896 chronographica

230 911 361 972 refertur.

316 1119 394 1179 114.
416 1118 476 1181 Εα.
519 1113 730 1195 seh01.v00p.
754 1122 826 1183 604.
870 1116 1063 1194 Πρωκτὸς
1091 1118 1237 1195 λουτροῦ.
1278 1152 1324 1161 -

231 1219 400 1303 Εὐφρόνιος
421 1218 477 1298 μὲν
499 1219 541 1291 ὡς
561 1227 616 1299 τῆς
637 1218 750 1292 είκόνος
770 1222 865 1282 αὐτοῦ
885 1221 1018 1300 ματαίας
1040 1221 1131 1300 οόοης
1152 1220 1240 1301 (fort.
1265 1230 1325 1300 τῆς

230 1322 343 1397 είκόνος
365 1325 412 1386 ἐπὶ
435 1332 489 1386 τοῦ
509 1324 642 1403 ματαίου
661 1325 775 1409 οίίσης),
798 1326 845 1387 ότι
865 1326 1005 1404 ματαίων
1026 1324 1200 1403 ἐπιθυμεῖς,
1251 1327 1323 1388 Καὶ

229 1431 288 1513 γὰρ
316 1431 352 1492 τό
380 1428 470 1513 μέρος
499 1428 591 1490 έκεῖνο
620 1429 802 1509 πλυνόμενον
833 1432 1026 1513 (περιγίνεται
1048 1439 1103 1510 τῆς
1125 1430 1323 1513 καθάρσεως

230 1536 295 1619 καί)
330 1534 373 1597 ἔτι
402 1536 563 1614 μολόνεται
602 1534 665 1618 (καὶ
692 1540 807 1614 μᾶλλον
835 1536 867 1597 ἐν
895 1545 932 1620 τῇ
962 1532 1044 1618 ῥύσει
1071 1545 1125 1615 της
1153 1537 1320 1618 γαστρός).

230 1640 463 1722 Καλλίστρατος
482 1638 518 1701 δέ
537 1661 628 1722 φησι·
657 1641 805 1722 παροιμία
827 1642 988 1725 (παροιμία
1009 1642 1082 1724 φησί
1105 1642 1147 1724 V)
1169 1643 1322 1724 πρωκτός

230 1748 360 1826 λουτροῦ
380 1746 523 1830 περιγίνη,
547 1744 593 1806 έπί
609 1754 671 1806 τῶν
691 1744 877 1824 βιαζομένων
891 1746 933 1818 είς
947 1746 1041 1807 κακόν
1054 1741 1171 1818 ἑαυτοῖς
1183 1747 1243 1829 (V.
1254 1748 1319 1829 R),

229 1851 273 1923 ὡς
294 1849 326 1912 εί
341 1874 388 1923 τις
408 1849 544 1930 βιάζοιτο
565 1851 608 1930 μὴ
629 1851 867 1914 όποπλιίνεσθαι.

318 1955 362 2019 Of.
378 1958 463 2019 Phot.
488 1955 584 2039 (Suid.
597 1961 667 2019 Hes.
679 1956 804 2035 Diogen.
817 1962 862 2020 III
876 1964 924 2021 58.
945 1957 1081 2038 Append.
1094 1978 1173 2038 prov.
1188 1962 1234 2020 IV
1249 1957 1317 2039 61.)

229 2062 382 2145 Πραντὸς
409 2066 537 2144 λουτροῦ
562 2061 697 2145 περιγίνη
725 2060 919 2143 (περιγίνεται
946 2064 1033 2140 Diog.
1051 2062 1189 2144 Append.
1215 2059 1316 2143 prov.)

229 2168 400 2249 Παροιμία,
423 2166 498 2229 ὅταν
519 2190 565 2240 τις
585 2168 628 2246 μὴ
650 2167 776 2247 όόνηται
800 2166 880 2250 (κ’ὰν
889 2165 957 2225 add.
971 2166 1067 2250 Suid.)
1078 2167 1315 2245 ἀπονίψασθαι,

228 2265 298 2332 ἀλλ’
324 2273 343 2350 ἡ
366 2272 463 2333 κοιλία
486 2273 584 2355 (αὐτῷ
606 2294 661 2332 om.
684 2273 785 2355 Phot.)
808 2270 993 2355 ἐπιφέρηται.
1024 2269 1091 2334 Ἐπί
1111 2282 1171 2334 τῶν
1186 2275 1313 2354 ἀνωφε-

229 2378 289 2436 λιῖιν
305 2375 480 2458 (ἀνωφελῶς
493 2377 596 2458 Diog.)
608 2371 661 2438 οὖν
675 2377 726 2437 καί
743 2375 806 2456 είκῆ
822 2376 1035 2458 πραττομένων
1048 2376 1168 2461 ἐλέγετο.
1202 2379 1315 2439 Aliena

227 2482 312 2541 affert
333 2481 464 2563 Apostol.
488 2483 567 2544 XIV
592 2488 638 2546 78.
1143 2491 1147 2500 “

271 2695 347 2756 115.
370 2692 496 2758 L.*Er.
528 2691 732 2778 Ηρο.Πόπ-
845 2692 941 2753 schol.
962 2693 1036 2753 Plat.
1057 2716 1086 2775 p.
1104 2698 1176 2757 369.
1192 2694 1229 2755 B.
1266 2690 1312 2751 Τό

228 2798 313 2871 παξ.
358 2798 403 2859 Τὸ
431 2807 484 2859 νῦν
504 2797 628 2877 βόμβαξ
648 2796 733 2880 λεγό-
804 2807 857 2859 νῦν
871 2797 994 2877 βόμβαξ
1007 2797 1164 2881 λεγόμενον
1178 2797 1312 2868 πύπαξ

227 2923 319 2982 μενον
337 2902 461 2976 πόπποξ
477 2900 588 2985 έλεγον,
603 2902 645 2976 ὡς
658 2904 733 2964 Λυ-
804 2902 915 2986 ἔλεγον,
960 2904 1002 2975 ὡς
1038 2904 1092 2964 καί
1125 2904 1311 2987 Λυκόφρων

229 3005 353 3091 κόφρων
375 3005 475 3092 ᾠήθη.
518 3009 583 3071 Οὐκ
606 3005 668 3070 έστι
690 3007 733 3075 δέ.
804 3006 904 3092 ᾠήθη.
939 3010 1004 3071 Οὐκ
1026 3006 1088 3070 ἔστι
1111 3007 1152 3070 δέ.
1187 3011 1234 3071 Τὸ
1254 3005 1311 3088 μίν

232 3113 278 3174 Τό
298 3112 356 3194 μέν
376 3114 434 3195 γὰρ
461 3113 584 3193 βόμβαξ
612 3113 735 3175 τίθεται
803 3115 860 3196 γὰρ
892 3113 994 3187 πόπαξ
1024 3113 1146 3175 τίθεται
1176 3116 1228 3176 καὶ
1262 3111 1310 3175 ἐπὶ

229 3218 281 3278 καί
312 3217 359 3279 έπὶ
387 3223 589 3300 σχετλιασμοῦ
610 3219 660 3280 καὶ
687 3217 734 3279 ἐπὶ
803 3223 1005 3299 σχετλιασμοῦ
1025 3220 1075 3280 καί
1098 3219 1257 3301 ίγιιωμίου,
1275 3215 1309 3277 τὸ

228 3320 366 3404 γέλωτος,
389 3325 425 3386 τό
439 3322 473 3386 δέ
487 3326 611 3399 πόππαξ
626 3326 702 3406 οὐχί.
804 3322 838 3385 δέ
851 3321 975 3404 βόμβαξ
993 3322 1099 3386 οὐκέτι.
1132 3349 1135 3356 ·

316 3435 401 3496 Phot.
447 3435 592 3509 Πόππαξ.
636 3433 833 3517 Ἐπίφθεγμα
868 3438 1070 3515 σχετλιασμοῦ
1101 3436 1143 3508 ὡς
1174 3431 1308 3504 πένθους

230 3538 475 3623 ἀμετόφραστον,
500 3541 540 3613 ὡς
562 3542 597 3602 τό
620 3541 666 3602 ιὀό
688 3541 782 3623 (Ροιο.
809 3525 1082 3624 τριο(κ)αιιλ”ίιιατον
1104 3540 1192 3623 cod.).
1383 3571 1384 3576 1

318 3644 389 3705 fles.
429 3646 568 3719 Φύππαξ·
617 3640 711 3728 Ὅπερ
742 3645 829 3723 ἡμεῖς
859 3644 990 3724 Masta}-
1042 3647 1086 3711 Of.
1119 3645 1190 3707 ibid·
1223 3666 1246 3706 s.
1278 3662 1304 3699 v.
1381 3633 1383 3704 ἱ

231 3745 370 3826 Βόμβαξ.

317 3854 414 3916 schol.
437 3857 556 3918 Thesm.
582 3864 621 3921 45
645 3854 813 3940 (Βόμβαξ.)
852 3853 1023 3939 Ἐπίρρημα
1045 3856 1092 3917 έπί
1115 3857 1305 3934 θαυμασμοῦ

228 3959 470 4040 λαμβανόμενον.

317 4066 430 4145 Phryn.
454 4065 501 4148 (Β.
518 4066 576 4126 An.
594 4073 643 4140 69,
662 4066 694 4148 7)
726 4064 993 4148 Ὑπερπυππόζειν.
1031 4061 1302 4148 Ὑπερθαυμόζειν,
