2792 4767
486 269 699 333 —·13-

44 442 199 514 afferatur,
229 443 381 500 nescimus.
426 441 499 500 Cum
527 448 623 498 autem
651 441 682 497 in
710 442 795 497 tertio
824 437 898 497 libro
924 437 962 497 de
982 439 1130 497 Ranarum

44 546 115 605 loco
139 547 232 622 egerit
253 544 336 626 (frag.
355 545 437 628 109),
459 547 490 605 in
512 547 633 625 septimo
654 543 692 602 de
712 543 894 603 Pherecratis
908 542 1130 602 Metallensibus

49 649 143 730 (frag.
158 648 221 729 93),
244 654 275 709 in
297 659 399 710 octauo
420 651 541 711 fortasse
562 649 600 708 de
614 650 778 727 Lysistrata
793 649 877 729 (frag.
895 648 977 728 132),
1001 652 1031 707 in
1053 668 1130 708 nono

48 754 91 813 de
113 755 228 815 Avibus
251 755 335 837 (frag.
362 756 415 838 59)
437 765 466 815 et
487 757 590 814 incerti
611 757 711 813 comici
732 754 795 812 loco
816 752 902 834 (frag.
919 752 1001 833 119),
1024 757 1055 813 in
1077 774 1129 813 un·

49 860 167 920 decimo
200 860 238 921 de
271 863 389 923 Cratino
423 861 508 943 (frag.
534 859 596 941 25),
630 862 660 918 in
692 857 862 918 duodecimo
894 859 931 918 de
962 862 1132 938 quaestione

48 969 242 1043 grammatica
278 967 364 1048 (frag.
403 970 470 1048 47),
516 968 578 1025 iure
614 972 740 1024 statuere
775 963 891 1022 uidetur
925 963 1132 1042 Bembardyus

51 1069 97 1150 (p.
123 1071 201 1153 204)
231 1072 360 1149 singulos
388 1075 483 1150 operis
505 1072 594 1132 libros
622 1070 703 1129 nullo
725 1072 862 1129 interiore
882 1072 1044 1145 argumenti
1069 1072 1132 1129 uin·

51 1176 120 1235 culo
159 1196 286 1235 conexos
322 1176 444 1236 diuersis
479 1176 657 1256 temporibus
691 1175 800 1255 publici
837 1175 906 1232 iuris
936 1173 1027 1233 factos
1060 1193 1131 1237 esse.

52 1282 238 1341 Difficillima
272 1290 369 1340 autem
399 1284 530 1360 quaestio
563 1290 606 1340 est
636 1279 674 1339 de
704 1280 778 1339 libro
808 1281 858 1358 qui
890 1281 1044 1358 inscriptus
1072 1289 1133 1339 erat

63 1382 319 1467 Ἄρχιτεκτονικός
345 1387 429 1466 (flag.
458 1395 504 1459 17,
529 1387 592 1467 60).
637 1387 755 1445 Etenim
784 1404 961 1464 quamquam
990 1403 1041 1442 suo
1071 1387 1133 1443 iure

55 1489 267 1568 Bernhardyus
296 1490 456 1551 doctrinam
484 1490 615 1551 aedificia
640 1488 771 1550 struendi
793 1490 848 1548 hoc
876 1489 950 1548 libro
972 1492 1133 1568 expositam

56 1595 148 1653 fuisse
168 1598 294 1673 negauit,
317 1597 367 1656 sed
388 1597 639 1656 architectonicum
662 1617 721 1655 non
743 1595 889 1654 diuersum
910 1614 974 1653 esse
996 1597 1095 1653 statuit
1115 1615 1133 1652 a

58 1701 283 1779 sceuographico
294 1711 515 1762 commemorato
526 1723 544 1760 a
554 1702 674 1761 Polluce
683 1702 716 1761 X
727 1710 752 1761 1.
775 1697 932 1778 Ἔνέτοχόν
941 1721 1013 1759 ποτε
1023 1703 1134 1780 βιβλίῳ

57 1805 111 1865 τὸν
131 1801 328 1888 Ξενοφῶντος
349 1804 484 1868 Ἱππικὸν
508 1806 679 1887 ἐξηγεῖσθαι
709 1804 832 1887 λέγοντι.
876 1805 987 1886 Εύρὼν
1008 1801 1042 1865 δ’
1065 1802 1133 1864 ὀνό-

57 1933 154 1987 ματος
176 1912 270 1993 κρίσει
293 1922 382 1974 τοῦτο
403 1912 496 1994 λέγειν
526 1900 803 1992 Ἐρατοσθένηνέν
824 1913 868 1993 τῷ
890 1912 1132 1993 Σκεοογραφικῷ,

58 2015 177 2095 ἐπῆλθέ
195 2041 246 2096 μοι
270 2017 369 2097 ζητεῖν
391 2017 425 2077 τὸ
443 2026 497 2077 τοῦ
510 2014 748 2098 Ἐρατοσθένους
768 2018 888 2096 βιβλίον
902 2017 953 2077 διὰ
967 2017 1002 2077 τὸ
1018 2038 1133 2097 προσα-

56 2122 154 2203 γωγὸν
176 2131 229 2201 τῆς
247 2123 393 2204 χρήσεως.
425 2119 479 2193 Ὡς
494 2120 526 2183 cl'
543 2115 628 2204 εὗρον
642 2122 738 2201 μόλις,
755 2120 840 2182 οὐδὲν
856 2116 933 2200 εἶχεν
946 2115 989 2182 ὧν
1003 2120 1133 2200 ἤλπιζον,

58 2235 156 2285 tamen
178 2225 257 2306 quod
280 2231 341 2307 ipse
363 2229 486 2307 profert,
510 2231 721 2288 commentariis
743 2232 774 2287 in
795 2237 944 2309 poetarum
965 2231 1134 2308 interpreta-

25 2327 28 2338 '
59 2333 138 2391 tione
165 2335 285 2391 uersatis
313 2332 385 2391 alios
413 2332 580 2393 subiunctos
602 2335 691 2394 fiiisse
711 2333 841 2394 subsidia
861 2335 904 2393 rei
926 2336 1056 2392 scenicae
1077 2331 1133 2392 dis-

60 2446 215 2516 ceptantes,
246 2458 369 2517 quorum
399 2440 485 2515 prior,
516 2440 753 2500 architectonicas
775 2442 938 2519 inscriptus,
962 2438 1000 2499 de
1021 2439 1133 2497 theatro

60 2542 290 2622 histrionumque
311 2546 418 2602 uestitu
440 2553 470 2603 et
491 2544 640 2618 similibus,
659 2546 732 2605 alter
748 2546 785 2604 de
798 2555 860 2605 arte
877 2554 905 2603 et
919 2545 1006 2604 rebus
1020 2544 1133 2602 histrio-

60 2669 129 2707 num
158 2651 245 2726 gestis
274 2651 380 2725 egerit,
411 2649 544 2709 omnibus
573 2650 694 2710 testibus
716 2660 803 2711 caret.
847 2650 1031 2730 Quamquam
1056 2651 1134 2708 enim

61 2756 145 2812 etiam
173 2753 210 2812 de
239 2753 284 2812 his
311 2753 398 2812 rebus
419 2755 641 2815 Eratosthenem
664 2760 757 2833 egisse
776 2766 809 2815 ut
834 2776 871 2815 ex
892 2758 935 2814 rei
959 2763 1063 2813 natura
1084 2773 1133 2811 ne·

62 2861 214 2918 cessarium
250 2867 308 2931 est,
343 2861 384 2918 ita
415 2861 583 2937 fragmentis
616 2860 751 2943 (3,100)
784 2860 1003 2940 comprobatur,
1037 2867 1133 2918 tamen

62 2964 297 3023 architectonicas
331 2964 387 3024 huc
415 2986 475 3024 non
503 2968 641 3045 pertinet·
681 2968 744 3026 Imo
773 2969 934 3044 fragmenta
958 2973 1057 3045 aperte
1085 2962 1133 3022 ‹le-

64 3078 221 3129 monstrant
249 3071 327 3128 hunc
353 3069 458 3129 librum
486 3073 515 3128 in
538 3070 655 3131 modum
685 3074 924 3133 onomasticorum
945 3073 1134 3150 compositum

25 3251 26 3256 η
64 3176 158 3248 fuisse,
189 3196 311 3253 quorum
340 3179 466 3235 rationes
496 3196 532 3235 ex
554 3176 674 3235 Polluce
694 3180 829 3237 nouimus
858 3176 949 3257 (quod
972 3180 1029 3234 iam
1052 3176 1134 3234 intel-

65 3280 137 3338 lexit
166 3277 284 3353 Rohde,
322 3280 360 3339 de
391 3281 465 3340 Poll.
504 3284 534 3341 in
570 3303 646 3342 scen.
678 3303 745 3362 app.
777 3302 870 3341 enarr.
904 3283 975 3341 font.
1009 3304 1037 3360 p.
1069 3281 1133 3361 23),

63 3406 120 3465 qua
150 3388 181 3443 in
213 3405 245 3444 re
280 3387 307 3443 ei
341 3396 555 3464 praecesserant
586 3388 770 3446 Democritus
802 3396 831 3446 et
863 3387 986 3464 Gorgias
1018 3386 1133 3467 (Meier,

64 3510 109 3571 op.
133 3495 171 3563 ΙΙ,
195 3513 223 3569 p.
253 3489 313 3570 16).
358 3489 441 3565 Quae
470 3513 536 3551 cum
565 3495 606 3551 ita
627 3479 690 3552 'sint
719 3493 774 3550 hoc
800 3495 1006 3551 onomasticum
1032 3487 1135 3573 Ἀρχι-

66 3594 229 3666 feriatica
251 3597 420 3674 inscriptum
441 3597 528 3656 fuisse
550 3601 667 3657 minime
688 3599 760 3657 mihi
782 3601 981 3677 persuaserim,
1002 3596 1052 3655 sed
1069 3617 1135 3656 cum

66 3700 110 3760 hic
130 3701 230 3760 titulus
251 3700 327 3760 libro
349 3704 400 3779 qui
423 3700 459 3759 de
481 3706 688 3783 compositione
709 3705 972 3774 instrumentorum,
996 3703 1077 3761 uelut
1098 3703 1136 3761 de

67 3807 192 3883 partibus
221 3808 308 3865 aratri
339 3806 424 3887 (frag.
452 3808 503 3890 17)
534 3812 639 3886 egerit,
671 3809 745 3868 bene
766 3812 934 3880 conueniat,
958 3827 1017 3865 non
1038 3818 1135 3866 autem

68 3914 246 3983 cuonrastico,
276 3914 307 3969 in
333 3932 391 3991 quo
414 3916 500 3974 etiam
529 3914 566 3973 de
587 3915 651 3973 aliis
671 3914 768 3987 rebus,
799 3914 879 3972 uelut
901 3913 937 3972 de
957 3914 1135 3971 uestimentis

70 4015 148 4094 (frag.
162 4016 234 4096 125)
250 4015 427 4094 disputatum
441 4039 504 4078 esse
519 4020 675 4079 uerisimile
688 4027 740 4092 est,
756 4019 1009 4078 architectonicum
1024 4025 1135 4095 partem

68 4122 344 4193 onomastici'fuisse
372 4123 466 4194 credo,
498 4128 578 4183 cuius
600 4125 657 4183 alia
679 4124 822 4203 quaedam
843 4144 909 4203 pars
930 4124 1017 4181 fuerit
1038 4142 1134 4180 sceuo-
