2792 4767
537 221 752 285 „49-

97 390 239 471 πατρῷα
270 387 418 470 κατέφαγε
440 389 490 448 καὶ
512 387 602 470 πίνης
623 384 669 470 ἦν.
720 391 827 474 Ψῆφον
849 389 882 450 δὲ
904 384 965 450 elne
989 390 1040 449 διὰ
1061 390 1096 450 τό
1116 391 1183 472 περὶ

97 493 256 554 δικαστοῦ
277 491 377 575 λέγειν.

195 597 279 659 Suid.
322 597 443 660 Κόννου
464 607 579 682 ψῆφον.
623 597 690 661 Ἐπὶ
716 608 779 662 τῶν
800 601 918 672 οὐδενὸς
946 599 1044 672 άξίων.
1088 597 1123 662 Ὁ
1152 600 1185 661 δὲ

97 702 229 776 Κόννος
255 703 388 787 λυρφδός
409 696 462 783 ἦν,
492 702 533 776 ὥς
562 703 639 779 τινίς
666 728 776 789 φασιν,
805 714 867 767 τῶν
888 704 1026 789 ἀφώνων.
1068 702 1122 778 Ὡς
1151 705 1187 767 δέ

98 831 187 880 τινες
209 808 394 893 κιθαρῳδός.

197 916 268 977 Hes.
291 912 413 976 Κόννου
436 921 552 996 ψῆφον.
589 917 750 999 Παροιμία
780 914 826 976 ἐπὶ
854 923 916 978 τῶν
936 916 1064 997 μηδενός
1083 915 1182 989 ἀξίων.

99 1020 152 1081 Cf.
177 1020 268 1083 Mein.
291 1022 358 1084 hist.
380 1024 443 1084 orit.
468 1025 538 1084 202.

197 1238 250 1297 73.
260 1232 317 1296 *L
327 1232 436 1315 (Ἔα.)
451 1232 635 1295 SoholNub.
647 1237 696 1295 23.
706 1232 815 1315 (said.)
840 1234 902 1293 Τὸν
918 1233 1132 1297 κοππατίαν.
1143 1271 1181 1280 -

105 1334 200 1408 Τινὲς
229 1335 263 1398 δὲ
284 1336 453 1398 κοππατίαν
474 1336 655 1420 ἕξηγήσαντο
680 1338 733 1397 τόν
755 1334 904 1398 κόπτοντα
927 1338 976 1398 καὶ
996 1337 1183 1399 κοιλαίνοντα

101 1441 287 1523 (κολάζοντα
300 1444 343 1526 V)
365 1450 431 1515 ταῖς
452 1443 559 1514 όπλαΐς
580 1442 615 1503 τό
637 1439 757 1525 ἔδαφος,
776 1444 811 1503 οὐ
831 1441 959 1515 δεόντως
982 1443 1076 1525 (Suid.
1097 1442 1183 1504 οὐδὲν

101 1545 202 1619 ὄντως
230 1548 309 1630 eod.)
339 1546 561 1626 ὑποτιθέμενοι.
606 1549 690 1607 Hane
719 1549 940 1630 explicationem
969 1549 1006 1608 ed
1030 1552 1181 1629 antiquum

101 1654 295 1734 interpretem
321 1653 501 1716 referendam
528 1673 591 1714 esse
612 1663 642 1713 et
670 1656 734 1733 ipsa
754 1654 962 1735 interpretandi
984 1656 1057 1714 ratio
1080 1653 1183 1714 docere

100 1758 224 1819 uidetur
252 1768 282 1818 et
313 1761 411 1819 norieti
442 1762 533 1819 forme
562 1756 750 1839 ἰξηγήσαντο.
794 1761 900 1821 Utrum
929 1758 1115 1840 Lycophroni
1143 1781 1182 1819 an

101 1863 279 1944 Euphronio
299 1863 454 1924 tribuenda
475 1867 512 1924 sit
533 1861 645 1927 dubito.

136 2077 140 2080 “
193 2082 247 2139 74.
269 2079 307 2139 L.
329 2080 384 2139 Er.
404 2076 501 2138 Schol.
528 2076 618 2155 Vesp.
649 2080 720 2141 239.
745 2075 854 2157 (Suid.)
891 2078 955 2135 Τοῦ
976 2073 1180 2166 κορκόρου.

102 2181 194 2259 Πρός
218 2180 271 2240 τὸν
291 2180 497 2264 Λυκόφρονα,
527 2177 671 2262 κόρκορον
692 2177 815 2259 λέγοντα
838 2177 980 2258 ι’χθάδιόν
1000 2203 1029 2240 τι
1052 2179 1108 2262 (ὡς
1128 2181 1182 2241 τόν

99 2285 252 2367 ἵππουρον
272 2285 341 2350 add.
363 2286 469 2368 snio).
508 2280 683 2366 Ἠπάτηται
706 2282 749 2361 δι’,
771 2282 812 2356 ὥς
833 2306 925 2367 φησιν
945 2279 1179 2368 Ἐρατοσθένης.

101 2383 196 2452 ’Ἐστι
218 2392 275 2474 γὰρ
297 2391 428 2471 λάχανόν
449 2414 478 2452 τι
501 2393 603 2476 άγριον
625 2392 675 2452 καὶ
696 2388 811 2462 εὐτελὲς
833 2390 864 2452 ἐν
885 2392 1116 2477 Πελοποννήσῳ,
1139 2393 1180 2464 ὡς

57 2521 59 2528 ·
102 2497 155 2557 καὶ
178 2497 197 2576 η
219 2497 366 2580 παροιμία
382 2496 393 2578 ll
409 2499 475 2558 Kal
496 2497 638 2581 κόρκορος
659 2496 690 2557 ἐν
708 2496 873 2576 λαχάνοισι.
893 2495 900 2582 Ι
918 2499 989 2562 Hes.
1010 2496 1177 2580 Κόρκορος.

102 2596 197 2674 Εἶδος
224 2602 340 2681 ἰχθύος.
381 2596 427 2662 'H
456 2602 585 2682 λάχανον
617 2604 730 2685 άγριον.
775 2603 820 2666 cf.
853 2603 924 2684 ibid.
958 2625 982 2667 s.
1008 2602 1177 2686 Κόρχορον.

102 2707 255 2788 Theophr.
279 2708 471 2772 H.P1.V11
495 2716 523 2783 7,
547 2714 576 2771 2.
619 2708 780 2789 Hephaest.
809 2707 855 2772 ed.
884 2708 992 2771 (δοίυί.2
1021 2731 1050 2789 p.
1075 2716 1125 2783 51,
1150 2716 1178 2771 5.

102 2813 214 2876 Zenob.
236 2813 281 2873 IV
306 2821 355 2876 57.
399 2814 508 2876 Bernh.
531 2815 603 2892 fmg.
624 2813 696 2876 XV.
740 2814 879 2887 Schmidt,
901 2812 972 2877 Did.
996 2823 1047 2877 44.

189 3028 241 3089 75.
274 3029 328 3089 Er.
373 3025 602 3105 Pseudodidym.
646 3025 714 3108 περὶ
752 3034 815 3087 τῶν
847 3025 1058 3108 ἀπορουμένων
1097 3028 1179 3109 παρὰ

101 3124 247 3192 Πλάτωνι
269 3132 374 3202 λέξειαν
396 3130 507 3212 (Miller
528 3132 612 3195 Mino.
634 3153 664 3212 p.
682 3133 758 3216 400)
782 3128 848 3193 Ἐπὶ
871 3131 1026 3214 κόρρηςὶ
1063 3130 1101 3193 Oi
1122 3131 1179 3211 μίν

103 3236 138 3296 τὸ
160 3237 239 3298 κατὰ
261 3237 394 3317 κεφαλὴν
414 3237 602 3298 τύπτεσθαι·
625 3244 687 3297 τῶν
707 3236 765 3320 γὰρ
779 3227 900 3319 Ἰώνων,
920 3236 961 3309 ὥς
982 3259 1073 3320 φησιν
1087 3231 1178 3318 Ἔριν·

102 3340 265 3421 τοσθίνης,
296 3343 351 3421 τὴν
372 3342 504 3424 κεφαλὴν
533 3343 706 3404 καλούντων
734 3341 860 3423 κόρσην,
895 3341 923 3404 οἶ
937 3334 1097 3424 Ἀθηναῖοι
1121 3368 1177 3405 κα-

102 3446 205 3529 θάπερ
225 3446 373 3529 μυρρίνην
394 3446 449 3525 τὴν
469 3447 617 3529 μυρσίνην
639 3449 689 3509 καὶ
711 3450 750 3509 τὰ
770 3448 869 3527 ὅμοια,
889 3448 1000 3532 κόρρην
1014 3450 1068 3529 τὴν
1082 3472 1177 3533 κεφα-

102 3553 155 3631 λὴν
177 3551 349 3631 ὠνόμασαν,
372 3551 413 3623 ὡς
434 3550 571 3613 Πλάτων
592 3552 622 3613 ἓν
644 3557 675 3615 Γ
671 3555 758 3641 οργιή
780 3554 855 3636 (486
879 3555 916 3637 C)
938 3555 988 3615 καί
1010 3554 1177 3635 Δημοσθέ-

104 3681 153 3736 νης
186 3657 217 3718 ἓν
249 3660 293 3742 τῷ
324 3657 402 3718 κατὰ
431 3657 565 3718 Μειδίου
598 3660 684 3740 (562,
703 3659 746 3740 9).
796 3657 835 3720 Oi
865 3657 898 3719 δι’
928 3659 963 3720 τό
992 3659 1039 3720 ε’πὶ
1067 3659 1178 3744 κόρρης

103 3761 271 3845 ἔξηγοῦντοι
292 3764 328 3825 τὸ
350 3761 392 3835 είς
413 3765 483 3836 τοὺς
504 3763 638 3844 γνάθους
659 3765 839 3842 τύπτεσθαι,
862 3764 904 3837 ὡς
924 3762 1125 3849 Ὑπιρ(ε)ίδης
1146 3766 1177 3827 ίν

102 3871 145 3952 τῷ
166 3869 244 3931 κατὰ
258 3866 425 3949 Δωροθέου
441 3906 481 3914 -
498 3871 548 3930 καὶ
569 3871 761 3954 Φερεκράτης
777 3870 789 3954 Η
803 3868 839 3933 Ὁ
860 3865 890 3931 δ’
909 3861 1043 3950 Ἀχιλεὺς
1063 3866 1095 3931 εὖ
1114 3893 1177 3942 πως

102 3973 147 4035 ἐπὶ
169 3974 280 4057 κόρρης
302 3976 394 4035 αὐτὸν
433 3975 438 4057 Ι
479 3973 632 4053 ἐπάταξεν,
663 3974 740 4038 ὥστε
769 3984 829 4059 πῦρ
858 3974 1039 4054 ἀπελαμψιν
1061 3975 1093 4035 ὲκ
1115 3983 1176 4036 τῶν

152 4108 293 4158 Streelrer,
310 4107 444 4151 Dissertatio.
971 4099 1002 4152 4.
