2792 4767
591 147 802 251 ’,64-

159 353 362 435 προβάλλουσι
374 353 477 431 ζώνας,
486 352 614 439 [πέταλα
621 353 660 440 ?]‚

156 460 361 538 χιτωνίσκους,
379 458 535 534 πετάσους,
551 466 660 541 κρηπῖ-

159 565 223 637 δας.
265 565 323 625 Διά
345 566 477 645 σύνηθες
491 560 540 645 ’ἦν
562 566 661 649 κύκλῳ

158 677 406 752 περινοστοῦντας
420 671 547 754 ἀγείρειν
562 672 599 731 τά
614 670 661 730 δι-

160 775 272 853 δόμενα
305 775 374 856 (del.
409 778 516 837 Bernh.
544 776 659 858 Dim).

731 353 764 415 δέ
783 362 923 433 χιτῶνας.
959 350 1011 414 Ἐκ
1033 353 1142 414 τούτου
1164 353 1240 415 σύν-

730 463 807 540 ηθες
856 457 969 540 ἐγένετο
1012 459 1111 541 κύκλῳ
1155 481 1241 537 περι-

729 563 944 648 πορευομένους
987 566 1057 634 τοὺς
1096 565 1242 643 ἀθλητὰς

730 671 895 754 ἐπαγείρειν
925 670 974 729 καὶ
1001 668 1168 748 λαμβάνειν
1198 669 1242 729 τὰ

730 776 882 856 διδόμενα.
926 768 1022 836 Ὅθεν
1065 773 1243 853 Σιμωνίδης

157 874 234 954 Ἕως
244 878 301 958 μέν
312 874 364 939 οὖν
374 877 406 942 (έν
416 881 572 963 ἀγώνισμα
583 883 661 942 κατὰ
731 906 759 944 κ.
776 906 802 945 τ.
818 884 845 946 λ,
878 938 880 940 .

159 986 215 1064 τὴν
228 982 396 1064 Ὀλυμπίαν
417 980 463 1065 ἦν,
489 986 621 1066 δαψιλὴς
644 986 754 1067 ἐγίνετο
768 989 786 1067 ἡ
802 995 864 1049 τῶν
878 984 985 1068 δώρων
999 983 1091 1057 δόσις,
1132 985 1240 1045 Πολυ·

160 1089 402 1169 πλασιοιζομένων
424 1089 457 1151 δέ
472 1091 587 1152 τούτιον
613 1101 711 1153 ταῦτα
739 1090 881 1171 ἐμειοῦτο,
906 1091 947 1163 εἷς
961 1093 1088 1163 πολλοὺς
1112 1089 1241 1172 (Bernh.

161 1197 255 1256 πολλὰ
269 1197 347 1278 cod.)
363 1195 630 1277 καταμεριζόμενα,
645 1198 695 1257 καὶ
711 1196 793 1269 τέλος
808 1200 827 1277 ἡ
843 1196 1026 1279 φυλλοβολία
1040 1199 1240 1277 κατελείφθη.

245 1304 327 1362 Eust.
365 1308 453 1375 1430,
486 1310 534 1365 37.
579 1301 716 1384 Λέγεται
751 1301 783 1362 δέ
817 1303 895 1363 κατὰ
929 1299 1043 1362 Αἴλιον
1077 1300 1242 1362 Διονύσιον

166 1403 400 1489 Ἁλικαρνασσέα
432 1406 559 1488 ἀγείρειν
589 1408 638 1467 καὶ
667 1408 703 1468 τὸ
732 1407 875 1489 περιιέναι
904 1408 954 1468 καὶ
983 1413 1167 1490 περινοστεῖν
1188 1405 1241 1466 ἐπὶ
1338 1405 1340 1408 ’

161 1510 227 1594 νίκη
241 1508 269 1590 ἢ
291 1505 383 1595 ἑτέρῳ
404 1512 466 1571 τινί
485 1534 559 1595 φησι
581 1514 724 1597 τοιούτῳ·
751 1513 827 1573 ὅθεν
849 1512 921 1585 ἰσως
942 1513 992 1572 καὶ
1015 1512 1031 1572 ὁ
1053 1512 1193 1594 ἀγύρτης.

246 1617 288 1677 Of.
313 1619 383 1695 frag.
407 1623 524 1680 οοω.ΙΙ
545 1628 593 1694 51,
611 1627 680 1682 745.
712 1621 783 1678 Hes.
807 1640 829 1681 s.
844 1640 871 1677 v.
898 1615 1047 1700 Ἀγείρειν.
1081 1614 1238 1699 Ἀγύρτης.

164 1716 412 1803 Ἀγερσικύβηλις.
453 1720 620 1804 Ἀγυρτούς.
666 1726 715 1783 Et.
738 1725 780 1782 M.
807 1731 854 1797 14,
878 1730 927 1786 31.
965 1725 998 1782 Β.
1015 1723 1073 1782 An.
1092 1729 1162 1796 331,
1187 1731 1238 1784 14.

160 1827 256 1887 Schol.
279 1827 364 1887 Pind.
388 1830 475 1908 Pyth.
499 1830 548 1889 IX
571 1835 641 1896 210.
674 1828 755 1890 Suid.
780 1849 803 1891 s,
820 1825 973 1910 Ἀγύρτης.
996 1829 1073 1887 Tim.
1091 1849 1113 1889 s.
1137 1827 1239 1910 Περι-

163 1932 356 2014 οιγειρύμενοι.
402 1936 491 1996 Olem.
515 1936 563 1993 Al.
591 1933 713 2015 paedag.
738 1939 798 1997 213
821 1934 855 1996 Ρ.
899 1934 1012 2006 Miller,
1043 1935 1126 1992 Misc„
1162 1941 1239 1997 403.

160 2039 269 2099 Μ1111οε
296 2049 363 2121 post
393 2040 502 2100 Herod.
535 2041 628 2102 Didot
655 2065 684 2123 p.
708 2049 778 2105 203.
824 2038 931 2119 Cobet,
960 2039 1070 2097 Mnem.
1093 2039 1140 2098 IX
1164 2045 1239 2101 431.

160 2144 208 2204 XI
233 2137 313 2207 ωε.
347 2146 454 2207 Bernh.
478 2169 507 2227 p.
532 2152 602 2210 248.
1270 2141 1274 2146 ’

247 2359 319 2416 109.
343 2356 397 2414 Er.
434 2353 531 2414 schol.
546 2357 620 2415 Ran.
649 2362 738 2418 1028.
777 2352 908 2437 Ἐχάρην
921 2362 992 2434 γοῦν
1005 2345 1085 2432 ἡνίκ’
1111 2353 1237 2430 ἤκουσα.

160 2455 212 2519 Ἐν
228 2466 290 2530 τοῖς
305 2456 478 2540 φερομένοις
492 2457 650 2539 Αἰσχύλου
665 2459 801 2543 Πέρσα
811 2482 843 2531 ις
864 2459 932 2519 ούτε
949 2457 1080 2540 Δαρείου
1100 2455 1239 2530 θάνατος

161 2561 375 2645 ἀπαγγέλλεται
401 2565 468 2625 ούτε
494 2566 586 2648 χορὸς
614 2566 669 2637 τὰς
694 2572 800 2646 χεῖρας
828 2564 1013 2646 συγκρούσας
1040 2560 1115 2643 λέγει
1146 2562 1236 2645 ἰαυοῖ,

161 2669 238 2729 ἀλλὰ
266 2670 304 2730 τά
329 2666 385 2748 μέν
412 2670 576 2752 πράγματα
604 2670 764 2733 ύπύπειται
793 2670 824 2731 έν
845 2669 971 2740 Σούσοις
1000 2667 1050 2727 καὶ
1072 2667 1239 2756 περίφοβύς

160 2772 241 2835 ἔστιν
270 2776 289 2853 ἦ
318 2775 420 2857 μήτηρ
449 2770 562 2858 Ξέρξου
595 2777 624 2850 {g
651 2777 766 2858 ὀνείρου
796 2775 892 2847 τινός·
922 2774 1013 2856 χορὸς
1041 2771 1074 2833 δέ
1103 2773 1239 2855 Περσῶν

160 2876 309 2960 γερόντων
336 2877 543 2959 διαλεγόμενος
570 2882 645 2963 πρὸς
674 2882 779 2962 αύτήν,
810 2876 875 2943 εἶτα
903 2882 1023 2962 ἀγγελος
1044 2876 1239 2960 ἀπαγγέλλων

160 2984 215 3063 τὴν
236 2984 303 3067 περὶ
326 2983 485 3062 Σαλαμῖνα
506 2987 676 3066 ναυμαχίαν
697 2987 748 3048 καὶ
770 2986 826 3067 τὴν
843 2981 956 3069 Ξέρξου
976 2985 1083 3068 φυγήν.
1119 2986 1238 3065 Χαῖρις

49 3159 54 3164 ,
160 3088 197 3150 δέ
216 3113 289 3172 φησι
312 3091 347 3150 τὸ
365 3090 498 3172 Δαρείου
520 3093 586 3152 ἀντὶ
609 3100 663 3153 τοῦ
730 3081 854 3163 ’Άλλως
878 3090 1022 3170 Δίδυμος,
1038 3090 1085 3151 ὅτι
1100 3091 1135 3151 ού
1149 3112 1237 3170 περι-

160 3189 282 3278 Ξέρξου.
327 3196 467 3276 Σύνηθες
503 3196 559 3276 γὰρ
599 3202 662 3267 τοῖς

160 3307 298 3379 ποιηταῖς
330 3300 377 3360 ἐπὶ
405 3310 467 3361 τῶν
499 3297 572 3360 υἱῶν
599 3308 662 3372 τοῖς

159 3413 222 3466 τῶν
243 3404 382 3488 πατέριον
412 3406 538 3485 ὀνόμασι
564 3415 662 3488 χρῆσ-

160 3514 228 3571 θαι.
272 3512 360 3594 Πρὸς
388 3512 422 3572 ὃν
451 3509 531 3573 ἔστιν
560 3512 660 3588 είπεῖν,

161 3616 207 3676 ὅτι
236 3616 266 3676 έν
287 3620 331 3700 τῷ
353 3616 485 3699 δράματι
508 3617 622 3699 λέγεται
647 3616 659 3701 λλ

160 3716 273 3805 Ξέρξης
293 3720 349 3800 μέν
370 3724 461 3795 αύτδς
486 3722 521 3808 ζῇ
550 3746 581 3784 τε
611 3723 661 3783 καὶ

159 3826 262 3906 βλέπει
285 3827 361 3910 φάος
375 3851 401 3889 v.
420 3829 514 3914 2031
537 3827 662 3912 Ἡρόδι-

160 3927 211 4005 κος
239 3932 275 3995 δί
294 3956 367 4017 φησι
390 3936 494 3997 διττοῦ
514 3934 661 4017 γεγονέναι

159 4048 215 4100 τοῦ
236 4035 374 4102 θανάτου
407 4040 437 4123 (3
458 4042 562 4115 διττὰς
582 4064 662 4124 γεγο-

732 3196 830 3277 έχουσι
867 3195 1006 3257 θάνατον
1037 3194 1170 3276 Δαρείου
1208 3192 1238 3255 οἳ

731 3301 851 3384 Πέρσαι
874 3302 909 3361 τδ
932 3302 1044 3384 δρᾶμα.
1077 3300 1135 3360 Διὸ
1157 3299 1238 3372 τινές
1332 3307 1337 3316 “
1391 3281 1392 3306 ¹

731 3408 835 3479 διττὰς
856 3406 998 3478 καθίσεις
1008 3407 1086 3488 (Cas
1100 3405 1236 3466 καταθέ·

730 3536 791 3585 σεις
813 3519 847 3577 V.
872 3511 974 3583 θέσεις
995 3513 1062 3594 rel.)
1096 3508 1235 3572 τουτέστι

731 3619 926 3690 διδασκαλίας
939 3625 1001 3678 τῶν
1013 3618 1144 3699 Περσῶν
1159 3637 1237 3698 φασι

731 3726 781 3787 καὶ
815 3724 869 3804 τὴν
899 3723 973 3801 μίαν
1000 3723 1043 3801 μὴ
1073 3721 1234 3804 φέρεσθαι.

735 3829 820 3903 Τινὲς
828 3828 861 3891 δέ
867 3829 1016 3913 γράιρουσι
1023 3827 1167 3911 Δαρείου·
1179 3836 1238 3888 τοῦ

731 3930 845 4019 Ξέρξου
870 3933 911 4014 [οἳ
932 3933 965 3995 δέ
987 3934 1043 3994 del.
1066 3931 1236 4016 Fritzsch.],

733 4042 779 4103 ὅτι
815 4049 878 4113 τοῖς
914 4040 1026 4121 κυρίοις
1066 4038 1132 4099 ἀντὶ
1172 4047 1238 4099 τῶν
