2792 4767
508 261 721 325 ‚53-

75 432 161 492 Nub.
191 439 251 496 448
285 431 367 492 Suid.
413 432 520 491 Bernh.
554 431 625 508 frag.
660 435 732 493 XII.
782 431 872 490 Mein.
902 429 988 488 Anal.
1019 428 1067 487 Al.
1100 436 1148 493 42.

76 537 281 632 Waehsmuth,¹
302 536 377 597 stdt.
402 536 510 596 Athen.
534 541 548 598 I
572 542 688 610 535,1.
734 535 847 608 Nauck,
872 535 959 595 Arist.
982 537 1054 615 Byz.
1079 540 1149 597 219.

6 667 7 670 ¹
75 642 197 708 Prellor.
220 642 282 703 Pol.
308 648 346 704 87
370 662 431 721 seq.
464 640 604 715 Schmidt,
627 639 696 700 Did.
724 648 774 705 59.

6 881 7 884 ’
125 878 174 935 81.
189 876 227 935 L.
238 876 293 935 Er.
317 871 578 934 Schol.Pac.199.
691 869 777 930 ΡΙιολ.
800 869 1015 951 Κύτταρος.
1042 867 1080 931 Οί
1095 867 1152 948 μὲν

79 977 189 1061 (Suid.)
210 978 428 1059 Κύτταρον.
447 977 579 1037 -Λυ-

80 1082 212 1167 κάρρονά
243 1105 335 1166 φησιν
356 1073 581 1164 Ἐρατοσθένης

79 1190 159 1273 τὸ(ν)
187 1190 336 1271 κύτταρον
363 1187 466 1270 λέγειν,
497 1187 527 1247 ἔν
556 1175 581 1270 ᾧ

80 1294 115 1356 αἱ
145 1296 230 1379 φηγοὶ
264 1293 460 1375 ἕγκάθηνται.
516 1293 581 1354 Ούκ

80 1398 191 1480 ὀρθῶς.
234 1399 418 1482 Κυττάρους
445 1399 503 1482 γὰρ
524 1421 581 1459 κα-

82 1508 163 1566 λοῦσι
196 1507 250 1578 τὰς
286 1514 348 1567 τῶν
384 1505 495 1587 κηρίων
530 1504 580 1564 καί

81 1612 213 1692 σφηκίων
235 1612 291 1694 (sie
311 1613 351 1693 V)
374 1610 580 1693 κατατρήσεις,

6 1739 7 1742 ’
84 1716 124 1787 ὡς
144 1718 191 1777 καί
213 1717 244 1779 ἓν
263 1724 326 1789 τοῖς
339 1717 454 1799 Σφηξίν
468 1715 580 1797 (1111)

84 1819 195 1904 εἴρηκεν
210 1822 221 1907 Η
240 1816 360 1903 Ὥσπερ
383 1820 410 1882 οἳ
432 1819 582 1906 σκώληκες

84 1926 114 1987 ἐν
132 1937 191 2001 τοῖς
210 1927 370 2009 κυττάροις
386 1927 560 2004 κινούμενοι.
573 1923 582 2009 (λ

89 2032 279 2117 Θεόφραστος
290 2032 323 2094 (λε’
335 2033 387 2115 (Η.
395 2033 441 2091 ΡΙ.
450 2036 497 2095 III
509 2039 536 2104 3,
549 2032 581 2112 8)

85 2139 188 2221 κυρίως
209 2139 284 2222 λίγει
307 2137 498 2221 προάνθησίν
515 2157 582 2195 τινα

85 2253 135 2322 τῆς
161 2246 272 2325 πεύκης
301 2245 350 2305 καί
381 2252 436 2323 τῆς
468 2240 581 2317 πίτυος,

85 2347 145 2427 η’τις
166 2350 246 2411 ἐστίν
268 2350 369 2432 ώσπερ
389 2346 503 2427 στάχυς
529 2372 582 2426 μι-

85 2456 151 2536 κρὸς
192 2455 225 2515 ἐκ
264 2453 402 2537 μεγάλων
442 2454 582 2535 πυρήνων

86 2559 179 2641 (Phot.
202 2569 306 2643 πυρῶν
326 2561 417 2642 libr.),
443 2558 582 2642 ξηραινά-

85 2688 167 2743 μενος
182 2666 215 2729 (λε’
229 2670 419 2729 θυλακοῦται
435 2666 485 2726 καί
506 2666 582 2725 άπο-

86 2773 191 2835 πίπτει.
230 2767 302 2834 Οίον
325 2772 434 2854 (Suid.)
456 2766 509 2832 ούν
529 2772 583 2853 ἀγ-

85 2879 207 2957 γειώιλες.
251 2880 292 2941 Κ.
309 2900 335 2940 τ.
352 2881 378 2940 λ.

649 972 818 1051 άπίιλωκαν,
834 974 865 1035 ἓν
880 963 904 1059 ᾦ
920 973 950 1036 αί
967 975 1053 1058 φηγοὶ
1064 975 1150 1055 (Nbr.

648 1081 774 1162 σφηκιαὶ
825 1079 903 1163 cod.)
955 1081 1151 1162 ε’γκάθηνται.

650 1184 796 1265 Μάχεται
829 1179 860 1247 (λ’
897 1189 999 1259 αὐτοῖς
1030 1188 1066 1247 τὸ
1098 1196 1153 1247 τοῦ

654 1289 889 1372 Ἀριστοφάνους
949 1290 980 1352 ἕν
1038 1293 1153 1375 Σφηξίν

650 1400 763 1482 (1111)
780 1397 791 1482 Η
812 1391 932 1479 Ὥσπερ
955 1394 982 1458 οἱ
1003 1396 1153 1478 σκώληκες

650 1503 680 1565 Ιν
703 1512 766 1577 τοῖς
784 1502 943 1585 κυττάροις
958 1504 1133 1582 κινούμενοι.
1145 1503 1154 1587 ΙΙ

646 1604 764 1671 Ἔοικεν
784 1607 818 1670 (Ιί
839 1609 885 1670 ίπί
907 1618 968 1670 τῶν
985 1607 1154 1691 άγγειώύων

649 1716 809 1779 τίθεσθαι.
877 1718 976 1777 Τοῦτο
1026 1713 1059 1800 δὲ
1102 1714 1152 1774 καί

652 1816 1047 1903 Ἀριστοτίληςάπούίιλωκε.
1074 1820 1153 1882 Θεό-

650 1949 784 2009 φραστος
814 1926 847 1987 δὲ
868 1927 1059 2009 προάνθησίν
1086 1949 1153 1988 τινα

649 2042 705 2111 της
736 2033 847 2112 πεύκης
879 2032 928 2091 καί
964 2038 1018 2108 τῆς
1050 2028 1154 2101 πίτυος

650 2137 799 2217 κύτταρον
814 2137 1041 2219 προσαγορεύει·
1064 2143 1154 2195 τοῦτο

650 2240 686 2302 ιλί
705 2241 785 2302 ἔστιν
807 2240 908 2323 ὥσπερ
929 2242 945 2303 ὃ
967 2241 1080 2321 στάχυς
1101 2265 1153 2318 μι-

651 2348 723 2430 κρὸς
764 2347 796 2408 ίκ
830 2347 969 2431 μεγάλων
1004 2350 1152 2432 πυρήνων.

652 2449 875 2536 Ξηραινύμενος
902 2454 936 2516 δὲ
965 2458 1153 2516 θυλακοῦται

651 2562 701 2620 καΙ
724 2560 894 2624 ἀποπίπτει.

165 2999 261 3060 Schol.
284 2999 403 3058 Thesm.
425 3004 493 3059 516.
518 2996 718 3079 (Κύτταρον).
746 2994 960 3078 Θεόφραστος.
975 3044 981 3058 .
996 3044 1022 3057 ..
1041 3016 1155 3053 απινων

85 3105 154 3182 φησί
183 3113 238 3184 τῆς
263 3103 368 3175 πίτυος
396 3103 446 3163 καὶ
476 3111 530 3182 τῆς
551 3101 670 3181 πεύκης.
709 3091 935 3182 Ἐρατοσθένης
957 3097 1016 3181 (δὲ)
1038 3099 1155 3180 ἀγγεῖον

84 3218 136 3268 τού
164 3210 279 3292 σφηκὸς
308 3206 326 3288 ἢ
356 3218 411 3287 τῆς
438 3210 590 3288 μελίσσης,
620 3207 694 3268 ὅπου
717 3204 744 3267 οἱ
766 3204 917 3286 σκώληκες
937 3202 1024 3265 ἔνεισι
1048 3201 1154 3285 (ἔπεισι

84 3313 162 3397 libr.)
179 3353 219 3359 -
237 3309 358 3386 Ἄλλως.
391 3313 554 3394 Κύτταρος
575 3316 709 3373 καλεῖται
732 3313 770 3372 τὰ
792 3309 967 3390 κοιλώματα
988 3318 1050 3371 τῶν
1070 3312 1156 3388 μελι-

85 3418 181 3501 κη’ρων
204 3419 354 3501 (Schneid.
377 3418 577 3501 μελικηρίδων
598 3419 686 3501 συθ).
730 3414 859 3495 Ὁμοίως
880 3414 913 3477 δι’
934 3417 983 3477 καί
1006 3416 1042 3476 τὸ
1063 3424 1156 3493 πῶμα

86 3522 176 3603 (Suid.
200 3533 289 3603 σῶμα
311 3524 390 3605 eod.)
419 3532 474 3603 τῆς
501 3522 645 3601 βαλάνου,
676 3522 751 3583 ὅπου
780 3522 948 3603 ἐγκάθηται
974 3523 993 3600 ἡ
1015 3521 1155 3599 βάλανος,

85 3627 155 3712 ὅπερ
177 3638 229 3690 νῦν
251 3627 427 3690 ἀκουστέον·
451 3628 517 3707 περὶ
540 3630 597 3712 γὰρ
619 3627 735 3689 αλδοίου
756 3626 840 3709 λέγει.
886 3627 929 3687 cf.
953 3627 1042 3687 schol.
1064 3628 1154 3708 Vesp.

89 3740 176 3801 llll.
219 3736 289 3794 Hes.
313 3756 337 3800 s.
359 3756 385 3793 v.
410 3735 566 3813 Κύπαρος.
610 3733 779 3813 Κύτταροι.
823 3734 908 3792 Phot.
938 3755 960 3794 s.
983 3732 1155 3813 Κύτταρος.

85 3840 251 3921 Κύτταροι.
292 3839 367 3898 Poll.
392 3841 406 3898 I
431 3846 500 3903 254.
524 3839 584 3898 VII
611 3847 678 3901 147.
717 3836 781 3898 Om.
797 3839 904 3899 Bernh.
928 3836 1067 3906 Schmidt,
1085 3837 1154 3897 Did.

85 3964 111 4022 p.
136 3952 186 4007 45.
211 3946 345 4005 Ceterum
367 3954 523 4025 utrumque
545 3964 647 4004 uerum
669 3961 732 4001 esse
753 3941 837 4002 docet
874 3942 1023 4021 Theophr.
1048 3944 1086 4001 H.
1111 3942 1155 4001 Pl.

85 4051 231 4122 1V8,7.
