2792 4767
496 289 710 354 ...17-

73 463 194 545 (Athen.
213 465 285 524 VIII
306 467 366 524 364
377 481 404 534 a,
427 461 476 521 IX
500 466 560 523 368
574 459 602 534 5,
628 461 723 522 3886.
747 465 820 522 XIV
836 467 896 524 653
910 482 935 535 6,
959 466 1047 525 66561.
1071 469 1147 527 Rau.

78 573 168 642 1368,
191 569 257 629 hist.
278 568 340 625 crit
362 589 392 645 p.
417 564 481 647 75).
495 565 695 647 μΡ5666666616
717 565 845 625 fabulam
863 562 992 647 Ἀγαθοὲ
1014 569 1148 630 Strattidi

71 674 174 734 6666
196 672 317 754 (athen.
339 671 385 730 vr
408 676 502 742 arse,
532 670 564 728 x
587 674 678 742 4150,
706 670 767 729 xv
791 656 986 744 666666.
1009 678 1070 735 aaa
1096 682 1147 752 oo,

75 778 161 861 224),
205 779 386 837 Pherecratio
407 776 516 835 Persae
536 776 600 834 sine
619 778 744 835 auctoris
764 778 881 837 nomine
902 779 933 837 in
954 776 1148 841 dubiumne

71 893 174 943 eantur
196 883 318 964 (Athen.
341 885 387 943 III
411 879 484 954 78d,
506 880 556 940 XI
579 885 667 954 5626,
690 880 753 940 XV
776 887 863 955 6856,
887 883 976 943 66561.
991 886 1065 945 Rau.
1084 892 1145 949 362

71 991 137 1050 hist.
161 990 224 1047 crit.
250 986 313 1068 70).
869 987 874 994 ⁴

159 1094 233 1155 oum
264 1094 345 1151 elisis
376 1089 536 1149 dramatum
569 1090 752 1149 Pherecratio
784 1092 974 1171 probabiliter
1005 1093 1043 1153 ad
1075 1097 1147 1155 Era·

69 1200 234 1260 tostbenem
256 1196 405 1267 referatur,
428 1196 514 1252 etiam
537 1194 615 1273 quod
635 1192 672 1252 de
690 1195 814 1255 aliorum
829 1197 935 1257 fabulis
951 1197 1145 1275 dubitabatur,

69 1326 136 1364 cum
156 1301 307 1363 Meinekio
330 1299 517 1359 Eratostheni
538 1298 638 1358 deberi
659 1319 772 1360 censeo.
816 1301 915 1382 Atque
935 1302 1068 1380 Magneti
1088 1326 1146 1366 ser·

69 1419 153 1468 uatas
182 1406 294 1466 fabulas
323 1402 500 1464 abiudicatas
530 1424 593 1466 esse
621 1414 743 1466 testatur
771 1407 880 1467 Athen.
903 1408 981 1468 XIV
1004 1416 1087 1472 6466
1108 1413 1143 1470 66

70 1515 137 1572 hist.
161 1514 222 1572 crit.
242 1535 272 1591 p.
288 1517 338 1584 31,
361 1533 391 1589 p.
405 1514 475 1584 535,
501 1515 550 1573 23.
596 1510 643 1569 Ι)6
666 1508 816 1571 Chionidis
838 1512 938 1571 fabula
959 1514 1090 1593 Πτωχοί
1108 1518 1143 1575 cf.

69 1619 177 1678 Athen.
202 1622 243 1680 IV
269 1623 366 1690 1376,
396 1615 474 1675 XIV
496 1614 595 1679 638d.
640 1615 689 1674 Ad
722 1615 851 1676 eiusdem
883 1615 1021 1678 iudicium
1050 1621 1142 1680 refero

69 1722 148 1801 quod
170 1722 208 1783 de
230 1723 344 1796 fabula,
375 1742 451 1803 quae
478 1724 618 1801 inscripta
639 1731 701 1780 erat
721 1720 844 1796 Πόλεις,
867 1723 974 1782 Α6566.
996 1724 1046 1783 ΠΙ
1069 1729 1142 1796 866,

69 1832 109 1890 IV
137 1837 219 1892 1406
243 1828 359 1888 indicat
404 1827 510 1906 Neque
530 1847 590 1885 uon
612 1825 649 1885 de
670 1827 768 1885 Antea
789 1826 938 1888 comoedia
958 1828 1040 1889 dubii
1062 1841 1144 1889 erant

66 1936 245 2010 grammatici
267 1934 388 2016 (Athen.
411 1932 493 1991 XIII
516 1939 609 2004 5676,
638 1932 704 1991 hist.
727 1935 789 1991 crit.
815 1932 900 2015 250).
944 1936 992 1993 De
1012 1935 1142 1995 Platonis

66 2039 165 2098 fabula
186 2027 337 2110 Λάκωνες
358 2039 394 2097 66
418 2039 559 2116 Harpocr.
582 2056 603 2095 6.
627 2057 654 2094 v.
678 2034 837 2107 Σθένελος.
881 2037 922 2096 Et
950 2050 1049 2119 aperte
1070 2041 1141 2100 Era-

65 2144 208 2203 tosthenis
236 2146 362 2203 rationes
387 2140 535 2214 redolent,
566 2161 642 2220 quae
664 2141 753 2201 schol.
776 2142 866 2222 Vesp.
893 2150 951 2205 566
976 2143 1061 2224 (frag
1087 2147 1142 2230 24)

66 2258 167 2307 contra
188 2257 334 2308 auctorem
352 2248 509 2307 Teleclidis
530 2246 646 2306 fabulae
668 2242 828 2322 Ἀψευδεΐς
849 2248 1043 2327 proferuntur.

153 2351 248 2428 Quam
271 2356 358 2413 crisin
377 2362 410 2412 ut
432 2371 565 2411 exercere
586 2361 683 2433 posset
698 2349 869 2411 didascalice
883 2352 921 2411 ab
935 2372 969 2412 eo
986 2353 1141 2432 diligenter

65 2461 273 2536 peruastIgatas
296 2478 358 2519 esse
379 2462 428 2532 ita,
451 2466 484 2517 ut
505 2465 534 2516 et
555 2445 592 2516 de
613 2464 743 2536 tempore
764 2457 928 2516 fabularum
949 2469 1086 2535 actarum,
1103 2462 1140 2521 de

64 2562 168 2624 fabulis
189 2567 358 2637 retractatis,
388 2563 425 2623 de
453 2561 541 2633 rebus
561 2571 713 2642 poetarum
735 2571 867 2621 accurate
888 2565 1044 2624 instructus
1065 2579 1140 2626 esset

64 2677 92 2725 et
113 2671 342 2729 narratiunculas
363 2671 482 2728 ficticias
503 2666 541 2725 de
563 2670 604 2727 eis
626 2668 807 2727 circumlatas
823 2667 955 2747 lapidum
969 2673 1140 2732 testimoniis

64 2775 190 2833 refirtare
221 2785 319 2855 posset
350 2775 448 2834 multis
479 2774 550 2831 locis
574 2772 708 2833 uidemus
740 2772 824 2854 (hag
850 2779 899 2847 38,
923 2779 973 2848 48,
998 2782 1048 2849 76,
1072 2775 1136 2856 97).

64 2876 130 2954 Qua
159 2882 189 2938 in
217 2900 250 2940 re
272 2878 441 2939 Callimachi
470 2881 585 2958 pinaces
614 2879 651 2938 65
681 2899 716 2939 66
744 2878 833 2938 lectos
861 2888 892 2937 et
912 2889 1053 2940 correctos
1075 2901 1137 2941 6666
1172 2895 1186 2920 “

63 2986 134 3062 frag.
159 2992 197 3047 97
228 2985 327 3058 (16666,
358 2982 438 3044 uude
464 2982 640 3060 intellegitur
668 2982 705 3042 de
727 2983 862 3044 Nubibus
890 2988 1049 3044 retractatis
1070 3006 1135 3046 eum

63 3090 225 3150 uberiorem
245 3091 341 3150 fuisse.
621 3071 624 3074 Δ
1170 3095 1173 3100 ’

148 3193 293 3271 Quoniam
307 3194 529 3254 Eratosthenem
544 3193 581 3253 de
595 3194 715 3253 historia
728 3195 894 3255 comoediae
911 3195 1133 3276 benemeritam

61 3319 124 3361 esse
153 3300 310 3376 docuimus,
343 3302 479 3382 deinceps
505 3298 710 3380 exponendum
739 3308 782 3359 est
810 3320 883 3379 quas
911 3302 942 3359 in
964 3303 1026 3381 ipsa
1047 3304 1133 3362 inter-

61 3409 223 3486 pretatione
250 3416 365 3467 secutus
393 3409 430 3466 sit
457 3409 591 3466 rationes.
635 3406 735 3486 Atque
762 3425 850 3484 quam
870 3416 953 3465 acute
975 3409 1005 3465 in
1028 3408 1081 3466 hac
1102 3429 1134 3467 re

60 3510 230 3572 indicauerit
251 3522 319 3592 apte
338 3512 464 3571 Illustrat
478 3512 608 3572 Galenus
625 3512 758 3593 (prooem.
776 3512 815 3588 gl.
829 3512 919 3590 Hipp.
932 3513 1012 3571 XIX
1025 3520 1064 3575 65
1076 3515 1134 3597 Κ.)

61 3614 106 3675 ὅτι
134 3618 191 3700 γὰρ
220 3617 338 3678 ἐποίουν
365 3614 392 3677 oi
419 3617 540 3677 παλαιοὶ
569 3616 665 3677 πολλὰ
692 3623 754 3675 τῶν
782 3609 937 3695 ὀνομάτων
958 3617 1061 3690 αὐτοῖς
1081 3618 1132 3680 di·
1201 3603 1207 3612 ,

61 3720 173 3783 damon
207 3721 264 3802 μὲν
299 3720 409 3794 ἱκανῶς
444 3724 494 3782 καὶ
531 3722 605 3805 πρὸς
635 3719 874 3804 Ἐρατοσθένους
907 3718 938 3783 ἐν
970 3731 1033 3796 τοῖς
1064 3727 1130 3807 περὶ

61 3826 187 3909 ἀρχαίας
216 3828 386 3911 κωμῳδίας.
430 3828 581 3887 Intellexit
604 3830 693 3905 igitur
720 3830 842 3887 comicos
871 3829 962 3887 multa
989 3830 1133 3890 uocabula

61 3933 135 4011 ipsos
147 3934 203 3993 sibi
217 3935 335 3994 finxisse
349 3944 378 3993 et
391 3936 516 3994 rationes
529 3935 743 4014 compositionis
760 3936 892 4013 exposuit
907 3932 956 4013 (66.
972 3935 1043 4011 frag.
1058 3934 1129 4016 63),

61 4056 97 4095 ex
124 4040 175 4098 illo
198 4040 303 4099 Galeni
332 4050 428 4100 antem
458 4037 567 4110 ἱκανῶς
594 4039 777 4098 manifestum
810 4048 854 4098 est
878 4039 968 4098 multa
990 4038 1129 4098 eiusmodi

61 4143 90 4202 in
111 4145 226 4204 scholiis
240 4147 460 4225 Aristophaueis
481 4148 508 4204 ei
530 4143 630 4205 deberi
651 4144 733 4203 uelut
748 4147 805 4223 Eq.
823 4151 872 4218 89,
889 4145 978 4224 Vesp.
993 4151 1042 4215 77,
1057 4148 1129 4213 342,

109 4253 249 4300 6666666,
263 4252 399 4296 passarana.
922 4242 939 4295 2
