2792 4767
534 230 746 295 ..51-

87 394 262 456 Probabile
284 398 370 473 igitur
390 406 434 457 est
451 399 676 479 Lycophronem
700 399 860 481 explicasse
881 398 1007 461 κότυλον
1028 391 1103 458 είναι
1126 398 1182 458 κύ-

88 502 185 565 λικα.
230 502 273 564 cf.
295 502 369 562 PolL
393 503 438 563 VI
461 510 511 567 96.
535 510 586 568 99.
609 502 647 563 δα
667 504 798 565 Diodoro
820 506 855 564 ο1.
879 527 907 587 p.
933 512 962 568 5.

190 712 240 768 77.
262 708 322 768 Eu.
358 704 532 767 Seh01.Av.
554 713 643 770 1493.
682 707 759 767 Τὸν
780 706 1178 771 κυκλιοδιδάσκαλον.

59 827 65 838 ’
95 807 191 872 Ἀντί
213 818 267 871 τού
287 809 561 891 διθυραμβοποιόν.
606 810 737 894 Εἴρηται
759 814 817 897 γάρ
839 814 886 875 ὅτι
909 813 1049 895 ἐγκύκλια
1072 812 1180 876 διδάο·

92 938 207 977 κουσιν
237 915 340 999 (schol.
363 916 441 977 Nub.
467 916 553 998 333).
600 914 798 999 Ἀντίπατρος
822 918 855 980 δι’
880 919 929 979 καὶ
958 918 1038 998 (αντὶ
1066 919 1181 1001 πατρὸς

93 1020 144 1093 ὡς
168 1021 208 1104 V)
229 1018 398 1103 Εὐφρόνιος
419 1019 451 1081 ἓν
474 1028 537 1094 τοῖς
558 1023 757 1104 ὑπομνήμασί
775 1047 850 1108 φασι
872 1028 943 1097 τοὸς
968 1024 1105 1097 κυκλίους
1123 1047 1179 1104 χο-

94 1129 176 1209 ροὺς
188 1136 297 1205 στῆσαι
312 1134 432 1209 πρῶτον
444 1127 557 1189 Λᾶσον
579 1129 676 1213 (λόγον
697 1133 727 1192 V
740 1131 832 1213 λαγὸν
846 1130 931 1213 Ald)
947 1129 999 1190 τὸν
1010 1126 1178 1211 Ἑρμιονέα,

95 1231 127 1293 οἱ
153 1230 185 1294 δὲ
205 1230 395 1315 ἀρχαιότεροι
417 1228 589 1307 Ἑλλάνικος
610 1236 659 1296 καί
681 1235 867 1318 Δικαίαρχος
889 1233 1004 1317 Ἀρίονα
1027 1235 1080 1296 τὸν
1104 1236 1179 1315 Μη-

97 1342 266 1417 θυμναῖον,
300 1336 485 1418 Δικαίαρχος
508 1337 688 1424 (Δήμαρχός
721 1340 750 1398 V
778 1342 862 1425 Ald.)
894 1339 952 1421 μὲν
980 1339 1011 1401 ἓν
1038 1343 1083 1425 τῷ
1111 1340 1177 1421 περὶ

97 1444 311 1506 Διονυσιακῶν
318 1440 450 1524 ἀγώνιον,
465 1438 636 1517 Ἑλλάνικος
649 1442 683 1506 δὲ
696 1444 727 1505 ἓν
741 1454 805 1520 τοῖς
815 1447 1035 1530 Καρνεονίκαις
1046 1446 1175 1528 (Muller.

98 1551 291 1634 Καρναίκοῖς
312 1549 350 1623 V,
373 1549 561 1630 Κραναϊκοΐς
582 1549 658 1632 rel.)

186 1654 268 1716 said.
292 1651 600 1725 Κυκλιοδιδάοκαλος.
644 1655 776 1736 Πρῶτος
807 1656 919 1730 Λάσος
954 1656 971 1717 ὸ
1003 1653 1178 1738 Ἑρμιονεὺς

101 1762 173 1832 τοὸς
192 1759 331 1831 κυκλίους
349 1759 459 1839 χοροὺς
483 1753 596 1837 ἴστησε.

187 1865 279 1926 olem.
297 1866 345 1924 Al.
361 1864 496 1925 stromat.
520 1868 535 1927 1
559 1871 617 1927 365
635 1863 671 1928 Ρ.
711 1864 815 1938 Μελος
836 1888 868 1927 τε
891 1861 931 1927 ού
953 1875 1071 1948 πρῶτος
1092 1889 1177 1949 περι·

102 1968 193 2051 ίδηκε
222 1975 287 2042 τοῖς
314 1969 460 2049 ποιήμασι
490 1968 540 2029 καὶ
569 1970 639 2040 τοὺς
660 1969 918 2049 Λακεδαιμονίων
944 1970 1053 2049 νόμους
1075 1971 1177 2049 ε’μελε·

102 2076 203 2156 ποίησε
236 2074 428 2157 Τέρπανδρος
458 2073 475 2135 ὸ
502 2070 705 2150 Ἀντισσαῒος,
735 2074 930 2156 διθύραμβον
959 2074 993 2136 δὲ
1021 2074 1177 2156 ἐπενόησεν

102 2180 232 2254 Λάοοος
253 2178 435 2263 Ἑρμιονεύς,
456 2180 551 2259 ύμνον
573 2178 757 2262 Στησίχορος
777 2176 933 2262 Ἱμεραῖος.

187 2391 238 2448 78.
262 2388 321 2449 Eu.
365 2384 462 2445 schol.
495 2385 551 2444 Av.
588 2391 677 2447 1319.
711 2384 819 2466 (Suid)
867 2384 909 2446 Τί
928 2384 1016 2467 δεῦρο
1038 2383 1118 2446 πόδα
1139 2387 1178 2446 σὸ

104 2490 255 2556 κυλλόν.
278 2526 319 2537 -
343 2491 407 2551 Καὶ
429 2489 600 2573 Εὐφρόνιος
630 2488 686 2568 μὲν
712 2491 812 2569 χωλὸν
840 2484 915 2551 εἶναι
948 2491 1001 2551 τὸν
1025 2490 1178 2570 Κινησίαν

104 2596 200 2678 φησίν.
241 2590 289 2656 Ἢ
307 2595 385 2675 τάχα
416 2596 530 2678 (παχὺν
551 2596 604 2678 V),
634 2594 696 2656 ἐπεὶ
720 2595 861 2667 πολλάκις
883 2595 945 2658 ἐστὶ
968 2586 1042 2677 παρ’
1075 2598 1178 2669 αύτοΐς

103 2703 169 2763 ποδὶ
202 2702 306 2785 κούφῳ
334 2699 353 2781 ἢ
382 2702 451 2763 ποδὶ
478 2704 574 2785 λευκῷ
601 2698 620 2780 ἢ
643 2699 723 2761 πόδα
747 2700 862 2776 τιθείς,
885 2702 904 2779 ἢ
925 2724 954 2762 τι
975 2709 1118 2777 τοιοῦτον,
1140 2701 1177 2762 τὸ

7 2789 9 2864 ³,
102 2808 208 2868 κυλλὸν
242 2805 308 2889 (τὸν
340 2807 447 2869 κυλλὸν
480 2807 521 2890 V)
556 2803 754 2888 προσίθηκεν.
789 2797 912 2879 Ἄλλως.
956 2805 1093 2885 Δίδυμος
1121 2803 1177 2885 μὲν

103 2913 217 2989 κύκλον,
247 2912 309 2972 ἐπεὶ
339 2912 468 2973 κυκλίων
489 2909 636 2998 ᾀσμάτων
657 2912 783 2994 ποιητής
804 2912 884 2988 ἐστι,
914 2908 1022 2972 κυλλὸν
1043 2910 1091 2988 δέ,
1114 2911 1175 2973 ε’πεὶ

8 3041 10 3106 j
100 3018 196 3096 χωλός
216 3017 289 3083 ἔστι.
333 3016 466 3101 Εἴρηται
489 3015 522 3079 δι’
544 3018 611 3100 περὶ
634 3020 729 3079 αὐτοῦ
750 3017 781 3079 ἓν
795 3017 968 3100 Βατράχοις
983 3016 1105 3099 (1437).
1150 3017 1177 3078 O

103 3120 135 3182 δὲ
159 3117 366 3206 Ἀριστοτέλης
394 3122 425 3185 ἓν
457 3131 525 3196 ταῖς
553 3122 773 3195 Λιδάσκαλίαις
800 3123 856 3183 δύο
887 3123 959 3205 φησί
988 3120 1144 3203 γεγονέναι.
1170 3120 1173 3205 )

9 3229 11 3272 ἵ
103 3227 267 3308 Σύμμαχος
300 3228 412 3302 οὕτως·
450 3227 635 3311 Εὐφρόνιος,
670 3227 771 3308 ἐπειδὴ
801 3228 900 3308 χωλὸς
933 3228 987 3310 (sie
1020 3227 1104 3308 Ald.)
1139 3220 1177 3305 ἦν

103 3331 298 3415 ὸΚινησιάς.
343 3338 442 3395 Τοῦτο
469 3332 503 3395 δὲ
531 3336 584 3395 ούκ
612 3332 693 3396 ἔστιν
722 3334 827 3415 εύρεΐν.
869 3324 951 3396 Ἀλλ’
978 3332 1079 3412 ἐπειδὴ
1101 3335 1177 3394 πολὺ

10 3471 11 3478 1
104 3438 171 3520 (om.
195 3441 236 3522 V)
256 3438 333 3521 παρ’
356 3441 459 3511 αὐτοῖς
479 3438 542 3502 ε’στι
566 3441 601 3501 τὸ
623 3439 692 3501 ποδὶ
716 3441 811 3522 λευκῷ
832 3439 881 3499 καί
904 3440 973 3500 ποδὶ
996 3439 1100 3522 κούφῳ
1126 3439 1175 3499 καί

11 3529 13 3596 ᾗ
103 3543 181 3605 πόδά
194 3546 294 3618 τιθείς
311 3545 373 3624 ἥτι
388 3553 532 3620 τοιοῦτον,
556 3545 591 3606 τδ
612 3544 720 3605 κυλλὸν
741 3542 939 3626 προσέθηκεν.
963 3545 1006 3606 Of.
1018 3546 1175 3623 frag-141.

145 3765 196 3820 79.
212 3760 266 3820 Er.
300 3755 605 3837 Seh01.Vesp.103·2.
673 3756 771 3817 schol.
793 3757 861 3816 Pac.
887 3765 957 3820 755.
1007 3749 1055 3818 03
1080 3723 1176 3818 δεινόζ

12 3919 13 3924 ,
102 3868 268 3948 Κύννης.
321 3867 428 3927 Κύννα
462 3866 531 3948 (om.
562 3867 604 3947 V)
673 3889 772 3935 ταται.
796 3864 1018 3951 Ἐρατοσθίνης
1029 3869 1177 3949 ἀγνοήσας

13 4029 14 4074 η
103 3977 206 4060 πόρνη.
238 3974 250 4062 ))
280 3977 373 4038 Μετὰ
400 3976 526 4040 Κύνναν
553 3977 604 4037 καὶ
673 3977 712 4037 τὰ
741 3978 820 4038 κατὰ
852 3978 907 4057 τὴν
935 3978 1061 4039 Κύνναν
1090 3975 1177 4047 κυνὸς

13 4085 14 4152 λ
104 4084 604 4171 (Σαλαβακχώοω.9).11Ἐρατοσ-
672 4086 780 4170 γράφει
812 4086 823 4171 Η
859 4089 963 4160 Κυνὸς
991 4087 1033 4158 ὡς
1060 4087 1177 4157 ἀκτῖνες

966 4205 1005 4258 43
