2792 4767
584 188 799 252 -53-

240 362 312 419 107.
334 359 394 419 Eu.
415 357 523 416 Athen.
545 358 595 417 XI
618 365 717 422 495³.
734 379 757 417 c.
781 357 965 424 Πελίκαι.
999 360 1230 444 Καλλίστρατος

148 461 184 521 ἐν
210 460 405 540 ύπομνήμαοι
430 460 580 548 Θρᾳττῶν
601 464 759 544 Κρατίνου
788 463 953 525 ἀποδίδωσι
984 465 1099 527 κύλικα.
1137 466 1228 548 Κρά-

147 587 207 646 της
229 560 259 625 δ’
283 564 315 626 ἐν
336 566 466 651 δευτέρῳ
492 564 630 647 Ἀττικῆς
651 566 808 629 διαλέκτου
828 568 937 650 γράφει
960 569 1064 642 ούτως.
1101 568 1139 631 Οἱ
1158 569 1229 650 χόες

148 671 280 748 πελίκαι,
308 670 451 754 καθάπερ
481 669 611 752 εἴπομεν,
640 673 838 753 ὠνομάζοντο.
883 671 919 736 Ὁ
940 672 973 735 δέ
995 674 1087 746 τύπος
1116 668 1153 754 ἦν
1175 682 1230 736 τοῦ

149 776 271 858 ἀγγείου
299 777 445 860 πρότερον
473 776 528 856 μέν
550 785 614 852 τοῖς
641 783 884 859 παναθηναικοΐς
905 777 1017 854 ἐοικώς,
1047 778 1135 858 ἡνίκα
1157 779 1227 840 ἐκα-

148 885 233 943 λεῖτο
254 882 374 963 πελίκη,
404 883 529 963 ὕστερον
557 882 590 946 δέ
612 881 696 965 ἴσχεν
719 882 853 964 οίνοχύης
875 892 995 963 σχῆμα,
1026 878 1085 946 οἷοί
1104 885 1178 945 εἶσιν
1200 883 1226 946 οἱ

149 986 183 1047 ἐν
197 993 236 1070 τῇ
249 982 337 1071 ἑορτῇ
359 987 607 1071 παρατιθέμενοι,
630 989 751 1063 ὁποίους
765 991 876 1070 δήποτε
893 988 986 1061 ὄλπας
1001 989 1134 1068 ἐκάλουν,
1147 990 1226 1071 χρά-

148 1114 236 1171 μενοι
258 1093 333 1176 πρὸς
353 1094 409 1173 τὴν
430 1103 485 1156 τοῦ
506 1093 586 1156 οἴνου
609 1092 735 1178 ἐγχυσιν.
757 1133 796 1143 -
820 1094 963 1167 Σέλευκος
985 1094 1019 1155 ὐέ
1040 1095 1228 1175 πελίχναν

149 1198 306 1271 Βοιωτούς
332 1197 389 1278 μέν
410 1201 465 1279 τὴν
485 1200 609 1278 κύλικα,
638 1201 809 1284 Εὐφρόνιος
831 1193 862 1263 δ”
888 1201 919 1262 ἐν
940 1201 1134 1279 ὑπομνήμασι
1158 1202 1228 1272 τούς
1288 1281 1292 1284 ⁷

144 1301 234 1382 χίας,
330 1347 332 1352 -

236 1409 310 1468 Poll.
323 1410 355 1468 X
369 1416 418 1472 73.
441 1399 538 1472 ’Ένιοι
549 1410 652 1491 μέντοι
670 1413 725 1473 τὸν
738 1422 815 1492 χοῦν
832 1414 882 1474 καί
897 1414 1020 1492 πελίκην
1036 1411 1225 1494 (πελίχνηνὲ)

148 1516 318 1592 κεκλῆσθαι
347 1514 497 1594 νομίζουσι
526 1516 576 1577 καί
608 1511 684 1578 εἶναι
710 1519 842 1596 τούνομα
864 1516 1041 1579 Βοιωτικόν.
1087 1517 1130 1577 cf.
1155 1516 1224 1578 ibid.

146 1618 182 1677 X
205 1626 255 1687 67.
300 1620 344 1681 Cf.
367 1622 453 1682 Phot.
477 1624 546 1683 Hes.
569 1644 593 1690 s.
616 1644 643 1682 v.
673 1622 818 1689 Πελίκαν.
863 1625 943 1685 Curt.
975 1620 1127 1685 (Ξιτιιοάτ.8
1151 1628 1225 1688 457.

146 1725 236 1803 Frag.
260 1746 332 1788 com.
353 1730 383 1788 ΙΙ
406 1734 455 1790 64.

192 1939 264 1997 108.
277 1938 331 1999 Er.
353 1936 564 2017 Sehol.Eurip.
577 1938 650 1998 Hoc.
682 1936 686 2039 4
762 1939 848 2000 Phot.
870 1936 979 2018 (Suid.)
1004 1937 1224 2017 Περιαγει-

146 2046 220 2102 574.
270 2041 399 2113 Φύλλοις
434 2039 568 2119 ἐβαλλον.
607 2075 651 2090 -
720 2041 889 2122 ρύμενοι,
906 2032 1027 2123 Ὥσπερ
1049 2037 1077 2100 οἱ
1100 2039 1222 2122 νικηφό-

144 2142 370 2226 Ἐρατοσθένης
400 2146 457 2227 γὰρ
493 2148 559 2229 περὶ
596 2157 651 2228 τῆς
720 2168 765 2226 ροι
780 2146 1061 2229 περιαγ(ειρ)ύμενοι
1076 2147 1220 2224 ἀθληταί.
1343 2142 1345 2147 ’

146 2251 347 2332 φυλλοβολίας
369 2251 469 2333 φησίν,
496 2252 537 2324 ὡς
556 2253 648 2314 πάλαι
682 2287 684 2302 =
719 2251 881 2323 Πολιτείας
911 2252 927 2314 ε’
951 2253 997 2313 ἐπὶ
1021 2252 1107 2313 τέλει.
1151 2249 1221 2312 Λέ-

141 2356 239 2436 χωρίς
284 2358 391 2418 ἄθλων
427 2359 649 2439 ἀγωνιζομένου
716 2380 800 2438 γεται
822 2358 879 2440 γὰρ
908 2357 954 2418 ὅτι
978 2357 1012 2422 τὸ
1032 2356 1087 2435 μέν
1109 2357 1139 2430 ἐς·
1165 2359 1222 2439 ἀρ-

145 2460 322 2541 ἀνθράπων
342 2465 386 2546 τῷ
411 2463 565 2542 νικήσαντι
593 2486 648 2523 κα-
713 2471 772 2541 γῆς
803 2457 889 2523 ἀθλα
922 2464 1128 2546 προύτίθεσαν
1160 2470 1222 2535 τοῖς

144 2565 250 2649 θάπερ
273 2564 377 2651 ἐρανον
395 2567 581 2651 εἰσφέροντες
598 2566 647 2652 ἐρ-
714 2566 950 2649 ἀγωνιζομένοις,
981 2570 1016 2630 ὃν
1036 2568 1149 2651 τρόπον
1169 2570 1220 2629 καὶ

146 2695 254 2756 ριπτον
296 2681 358 2734 τῶν
400 2677 525 2735 θεατῶν
567 2674 648 2746 ὅπως
712 2665 846 2755 Ὅμηρος
889 2674 938 2733 καί
976 2675 1060 2735 άλλοι
1099 2674 1220 2753 ποιηταὶ

145 2776 269 2850 ἕκαστος
312 2778 446 2860 ηὐπόρει,
495 2780 568 2860 [Διὸ
609 2779 646 2860 δὴ
715 2774 893 2859 ἱστοροῦσιν.
934 2775 1016 2840 Ἐπεὶ
1039 2777 1073 2839 δέ
1092 2779 1221 2860 ἤρξαντο

143 2884 277 2964 σύνηθες
299 2881 408 2967 ἐγίνετο
435 2886 534 2969 κύκλῳ
562 2907 646 2967 περι·
712 2884 807 2967 χωρίς
857 2885 965 2946 ἄθλων
1008 2885 1218 2967 ἀγωνίζεσθαι,

143 2989 343 3070 πορευόμενον
385 2990 549 3074 ἐπαγείρειν
595 2991 645 3052 καί
715 2992 785 3062 τούς
815 2991 994 3070 νικήσαντας
1015 2988 1042 3052 οἱ
1063 2988 1120 3069 μέν
1141 2977 1220 3051 κατὰ

142 3094 309 3174 λαμβάνειν
323 3095 359 3156 τὸ
373 3094 529 3176 διδόμενον
538 3094 646 3180 deleo]
715 3095 818 3176 φιλίαν
834 3094 853 3175 ἢ
868 3094 1037 3179 συγγένειαν
1051 3097 1219 3179 προσήκον-

147 3198 188 3262 Of
208 3198 263 3280 μέν
278 3193 331 3261 οὐν
345 3202 554 3284 εὐπορούμενοι
577 3201 644 3285 (ἐμ-
714 3222 764 3272 τες
787 3200 947 3283 στεφάνοις
968 3201 1102 3264 ἀνέύουν.
1148 3204 1220 3262 Τῶν

142 3305 336 3388 πορευόμενοι
383 3306 462 3389 cod.)
513 3306 645 3391 διάφορα
714 3303 749 3366 δ”
772 3307 871 3367 ἀλλων
893 3305 920 3368 οἱ
930 3306 987 3388 μέν
1000 3309 1141 3389 σύνεγγυς
1163 3330 1218 3369 κα-

142 3412 241 3494 ύῶρα,
271 3420 332 3473 τῶν
354 3410 387 3472 ιλέ
408 3415 520 3473 λοιπῶν
542 3410 569 3474 οἳ
590 3412 646 3491 μέν
714 3412 844 3490 θήμενοι
863 3414 913 3474 καί
935 3412 1219 3498 περι(ου)σιάζοντες
1244 3454 1253 3460 -

141 3517 227 3599 ἐγγύς
268 3517 437 3595 καθήμενοι
478 3517 645 3599 στεφάνους
713 3518 834 3590 πλέονος
855 3520 923 3591 ἀξια
946 3519 1134 3581 ἐπετίθεσαν.
1179 3515 1218 3579 Οἱ

141 3620 331 3698 ἐπετίθεσαν,
368 3620 394 3683 οἱ
432 3621 465 3684 ὐέ
505 3621 645 3706 ἀνωτέρω
713 3623 746 3685 ύέ
788 3623 979 3708 πορρώτερον
1022 3627 1131 3686 ἄνθεσι
1167 3624 1217 3684 καί

141 3728 257 3788 τούτων
280 3732 383 3809 (τοῦτο
403 3729 493 3810 ασελ),
516 3729 588 3812 ὅπερ
608 3724 646 3810 ἦν
713 3731 836 3813 φύλλοις
870 3727 996 3807 ἐβαλλον
1025 3728 1217 3814 περιερχομέ-

141 3831 254 3910 λοιπόν,
286 3830 412 3912 ἔβαλλον
444 3841 507 3907 τοῖς
535 3836 644 3898 ἀνθεσι
713 3852 795 3908 νους·
829 3837 870 3909 ὡς
898 3838 949 3897 καί
979 3846 1032 3897 νῦν
1061 3844 1123 3909 τοῖς
1152 3835 1217 3896 ἐπι-

141 3938 191 3998 καὶ
210 3939 341 4020 φύλλοις.
372 3939 436 3999 Καὶ
455 3950 507 4001 νύν
520 3940 576 4020 μέν
597 3939 643 4003 ἐπὶ
713 3950 816 4024 φανῶς
838 3942 1071 4023 ἀγωνισαμένοις
1091 3939 1216 4019 ἐπιβάλ-

3 4087 4 4098 ,
102 4121 106 4126 ⁴
140 4050 203 4114 τοῖς
242 4041 393 4125 ἐπιφανῶς
421 4045 645 4127 ἀγωνιζομένοις
713 4051 795 4109 λοισι
819 4046 966 4119 πετάσους
987 4047 1036 4107 καὶ
1060 4045 1167 4121 ζώνας,
1189 4044 1215 4107 οἱ
