2792 4767
534 260 727 323 -9-

80 437 186 515 patria
212 431 407 509 intellegenda
436 433 473 490 sit
501 449 678 510 quamquam
707 427 828 488 dubium
857 437 914 499 est,
949 437 1047 488 tamen
1075 430 1167 505 magis

84 539 217 620 probata
237 538 307 596 mihi
329 546 372 596 est
390 536 532 595 Meinekii
554 537 651 614 opinio
674 532 716 614 (p.
736 534 809 614 342)
833 533 1044 617 Chersonesum
1066 534 1168 593 urbem

82 644 170 703 illam
198 643 408 723 Aegyptiacam
438 661 507 714 esse,
538 660 624 719 quam
655 639 773 716 Berghii
807 638 848 720 (p.
871 640 990 720 XCIII)
1009 643 1069 719 qui,
1100 659 1165 698 cum

84 748 200 809 Suidae
222 746 397 830 Εὐφρονίὸα
425 755 479 806 τοῦ
510 743 680 826 Κορινθίου
710 741 918 824 ἢΣικυωνίου
939 748 1084 822 integrum
1106 764 1168 804 esso

84 862 188 935 putet,
217 855 292 913 hano
316 854 527 913 Chersonesum
557 852 784 930 promontorium
813 853 875 927 agri
899 849 1075 909 Corinthiaci
1105 870 1168 910 esso

84 958 196 1033 credit,
228 978 296 1017 nam
317 961 421 1017 mirum
450 965 540 1028 esset,
569 958 593 1014 si
615 958 691 1013 inter
713 953 915 1036 Aristophanis
937 958 1088 1033 magistros
1110 956 1167 1015 duo

85 1066 278 1136 exstitissent,
302 1066 353 1141 qui
375 1062 456 1122 dubii
479 1073 575 1120 utrum
591 1060 733 1120 Corinthii
754 1082 793 1120 an
808 1061 936 1139 Sicyonii
957 1069 1061 1119 essent.
1096 1062 1169 1119 Erat

84 1173 178 1248 igitur
207 1168 395 1249 Euphronius
427 1176 514 1247 poeta
545 1163 762 1224 Alexandrinus
794 1164 873 1223 haud
901 1166 1045 1242 ignobilis,
1081 1185 1168 1244 quem

86 1286 207 1355 praeter
229 1276 356 1332 carmina
377 1275 496 1352 priapos
517 1271 630 1330 fabulas
658 1273 785 1330 scenicas
811 1273 1013 1351 conscripsisse
1035 1269 1104 1329 inde
1126 1274 1168 1330 in-

86 1380 255 1455 tellegitur,
287 1378 364 1456 quod
394 1397 412 1435 a
432 1375 580 1436 nonnullis
608 1380 684 1436 Inter
705 1385 805 1455 poetas
828 1375 932 1455 pliadis
953 1376 1167 1439 numerabatur.

88 1485 200 1545 Utrum
221 1492 319 1542 autem
340 1482 502 1559 tragoedias
524 1503 562 1546 an
584 1479 747 1541 comoedias
769 1484 922 1561 scripserit,
943 1502 1030 1561 quam
1049 1481 1168 1540 alteram

88 1590 122 1645 in
145 1590 317 1647 sententiam
328 1587 473 1665 Bergkius
495 1589 623 1658 inclinat,
640 1589 710 1666 quia
732 1587 826 1645 studia
848 1586 969 1645 eiusad
991 1587 1168 1646 comoediam

89 1712 233 1752 conuersa
260 1694 382 1766 fuermt,
414 1715 474 1753 non
502 1698 598 1754 minus
627 1692 748 1752 dubium
770 1701 830 1767 est,
860 1713 928 1750 nam
951 1712 988 1750 ex
1009 1692 1170 1751 studiorum

88 1800 343 1876 grammaticorum
373 1798 471 1858 indole
502 1801 633 1879 poeticae
660 1800 800 1857 rationem
830 1796 966 1873 colligere
996 1818 1055 1856 non
1083 1797 1170 1856 licere

90 1904 295 1984 Lycophronis
325 1905 491 1984 exemplum
518 1904 711 1976 demonstrat,
742 1904 792 1980 qui
822 1905 884 1982 ipse
905 1902 1023 1981 quidem
1045 1906 1171 1979 tragicus

90 2019 179 2088 poeta
207 2009 371 2068 comoediae
400 2010 527 2069 studium
558 2008 748 2089 impertiebat.
793 2005 864 2065 Ideo
885 2006 1030 2066 reicienda
1055 2006 1171 2066 uidetur

91 2113 214 2190 Bergkii
236 2116 401 2173 coniectura
416 2115 620 2193 Euphronium
641 2132 701 2171 non
719 2112 865 2171 diuersum
882 2131 944 2170 esse
958 2113 995 2171 ab
1012 2113 1171 2191 Euphrone

22 2205 25 2209 ¹
94 2226 182 2297 poeta
205 2220 312 2276 comico
335 2218 413 2277 illius
434 2222 545 2298 aetatis,
573 2220 741 2298 praesertim
770 2219 886 2276 cumin
907 2218 1075 2298 Euphronis
1095 2220 1169 2295 frag·

94 2324 200 2380 mentis
222 2342 335 2404 semper
356 2325 481 2382 nomInis
502 2325 593 2382 forma
609 2322 751 2404 Εὔφρων,
769 2323 857 2383 semel
872 2322 1033 2405 Εὐφορίων
1048 2323 1169 2405 (Athen.

92 2427 142 2484 XI
166 2434 225 2488 ⁵03
242 2427 283 2507 a),
307 2449 455 2507 nunquam
478 2427 648 2509 Εὐφρόνιος
670 2438 808 2487 occurrat.

179 2532 252 2593 Cum
274 2534 329 2592 hac
348 2536 485 2614 temporis
500 2533 668 2593 definitione
683 2534 758 2593 bene
773 2536 908 2593 conuenit
922 2544 1025 2593 natura
1037 2535 1169 2615 Euphro-

93 2638 198 2696 nianae
219 2638 375 2701 doctrinae.
411 2641 488 2698 Nam
509 2638 577 2698 licet
598 2638 779 2699 Gerhardius
800 2661 830 2719 p.
844 2641 891 2699 IV
913 2640 1111 2700 Aristarchum
1132 2640 1170 2700 ab

93 2742 264 2822 Euphronio
288 2746 318 2801 in
340 2743 443 2803 studiis
471 2746 586 2803 comicis
614 2743 701 2820 longe
723 2754 890 2824 superatum
912 2764 975 2804 esse
996 2744 1102 2817 credet,
1127 2748 1169 2803 in-

94 2856 161 2905 sunt
182 2850 213 2905 in
234 2849 402 2925 fragmentis
423 2847 500 2908 haud
522 2868 622 2928 pauca,
648 2868 724 2927 qliae
746 2871 764 2908 a
785 2850 988 2930 Lycophronis
1009 2853 1171 2909 temeritate

96 2951 173 3011 haud
195 2952 316 3012 inultum
340 2953 461 3027 distent,
491 2972 577 3033 quem
607 2962 666 3011 tam
693 2954 844 3034 pueriliter
863 2975 983 3015 munere
1005 2958 1181 3036 interpretis

98 3057 226 3117 functum
247 3078 310 3117 esse
330 3058 468 3132 uidimus,
496 3068 530 3119 ut
550 3079 636 3139 saepe
657 3079 716 3118 non
740 3064 808 3119 satis
830 3070 980 3141 perspecta
1000 3059 1055 3119 loci
1076 3063 1169 3119 cuius·

97 3180 153 3239 que
181 3172 284 3221 natura
313 3164 392 3243 quod
419 3164 474 3223 sibi
501 3166 627 3223 maxime
655 3174 755 3244 aptum
784 3141 942 3239 uideretur,
970 3165 999 3223 id
1028 3168 1091 3224 sine
1109 3166 1170 3224 ulla

53 3249 58 3260 ’
98 3265 274 3326 dubitatione
295 3289 348 3347 pro
371 3272 608 3349 interpretatione
620 3280 787 3350 apponeret.
822 3273 870 3329 Ex
886 3272 992 3329 Avium
1007 3290 1092 3329 versu
1107 3276 1167 3333 998

98 3367 220 3446 Μέτων,
243 3371 277 3430 ὃν
299 3367 377 3433 οἶδεν
397 3369 504 3446 Ἑλλὰς
523 3374 570 3452 χώ
592 3363 721 3447 κολωνός
742 3376 929 3456 Euphronius
951 3376 1091 3435 conclusit
1107 3376 1169 3434 Me-

97 3487 191 3535 tonem
214 3477 317 3537 Coloni
339 3485 439 3536 natum
463 3497 525 3537 esse
547 3480 631 3559 (frag.
656 3479 719 3561 94),
744 3500 781 3538 ex
802 3480 857 3539 Av.
884 3488 941 3543 765
965 3479 1085 3552 πάππος
1107 3500 1170 3541 esse

99 3580 197 3663 ὄρνεόν
218 3604 247 3641 τι
272 3581 356 3663 (frag.
377 3582 458 3663 104),
481 3585 517 3644 cf.
541 3586 612 3663 trag.
631 3592 680 3659 83,
698 3593 737 3648 65
753 3586 791 3645 al.
832 3584 912 3661 Quid
934 3586 1013 3665 quod
1036 3587 1169 3666 Euphro-

98 3689 160 3745 nius
181 3707 268 3767 saepo
289 3691 330 3747 ita
351 3707 415 3747 cum
438 3688 603 3749 Callistrato
626 3694 804 3751 consociatus
825 3691 972 3772 procedit,
993 3701 1025 3750 ut
1046 3700 1169 3772 uterque

99 3790 170 3851 idem
192 3792 297 3873 prodat
319 3792 404 3873 (frag,
421 3794 491 3875 102)
514 3805 565 3854 aut
587 3796 743 3856 Callistrati
765 3800 861 3856 uerior
882 3797 1013 3856 doctrina
1035 3798 1168 3876 Euphro-

99 3899 198 3956 nianae
219 3918 373 3977 peruersae
396 3908 559 3980 opponatur
580 3902 616 3959 of.
638 3903 711 3979 frag.
732 3910 781 3974 94,
802 3908 870 3965 429.
908 3902 997 3964 Unde
1011 3902 1168 3961 uerisimile

99 4000 130 4057 fit
146 4001 308 4079 Euphronii
329 4003 434 4064 librum
449 4027 468 4064 a
482 4005 645 4065 Callistrato
659 4015 692 4065 ut
708 4007 908 4087 Lycophronis
922 4008 960 4067 ab
975 4008 1168 4067 Eratosthene

99 4105 199 4164 lectum
221 4116 250 4164 et
270 4108 453 4169 emendatum
474 4129 545 4172 esse.
