<?xml version="1.0" encoding="UTF-8"?>
<!DOCTYPE html PUBLIC "-//W3C//DTD XHTML 1.0 Transitional//EN"
    "http://www.w3.org/TR/xhtml1/DTD/xhtml1-transitional.dtd">
<html xmlns="http://www.w3.org/1999/xhtml" xml:lang="en" lang="en">
 <head>
  <title>
</title>
<meta http-equiv="Content-Type" content="text/html;charset=utf-8" />
  <meta name='ocr-system' content='tesseract 3.04.00' />
  <meta name='ocr-capabilities' content='ocr_page ocr_carea ocr_par ocr_line ocrx_word'/>
</head>
<body>
  <div class='ocr_page' id='page_1' title='image "./delycophroneeup02stregoog_0014.png"; bbox 0 0 2792 4767; ppageno 0'>
   <div class='ocr_carea' id='block_1_1' title="bbox 671 249 864 314">
    <p class='ocr_par' dir='ltr' id='par_1_1' title="bbox 671 249 864 314">
     <span class='ocr_line' id='line_1_1' title="bbox 671 249 864 314; baseline 0.005 -19"><span class='ocrx_word' id='word_1_1' title='bbox 671 249 864 314; x_wconf 59' lang='lat' dir='ltr'>„g-</span> 
     </span>
    </p>
   </div>
   <div class='ocr_carea' id='block_1_2' title="bbox 227 418 1314 2395">
    <p class='ocr_par' dir='ltr' id='par_1_2' title="bbox 227 418 1314 2395">
     <span class='ocr_line' id='line_1_2' title="bbox 227 418 1314 501; baseline 0 -22"><span class='ocrx_word' id='word_1_2' title='bbox 227 419 329 481; x_wconf 92' lang='lat' dir='ltr'>drinae</span> <span class='ocrx_word' id='word_1_3' title='bbox 358 423 398 479; x_wconf 87' lang='lat' dir='ltr'>ita</span> <span class='ocrx_word' id='word_1_4' title='bbox 419 420 522 480; x_wconf 89' lang='lat' dir='ltr'>litteris</span> <span class='ocrx_word' id='word_1_5' title='bbox 549 439 665 501; x_wconf 85' lang='lat' dir='ltr'>operam</span> <span class='ocrx_word' id='word_1_6' title='bbox 688 418 811 493; x_wconf 79' lang='lat' dir='ltr'>dedisse,</span> <span class='ocrx_word' id='word_1_7' title='bbox 841 428 875 478; x_wconf 92' lang='lat' dir='ltr'>ut</span> <span class='ocrx_word' id='word_1_8' title='bbox 900 420 980 477; x_wconf 89' lang='lat' dir='ltr'>etin</span> <span class='ocrx_word' id='word_1_9' title='bbox 1002 418 1089 478; x_wconf 87' lang='lat' dir='ltr'>rebus</span> <span class='ocrx_word' id='word_1_10' title='bbox 1109 422 1314 497; x_wconf 78' lang='lat' dir='ltr'><strong>grammaticis</strong></span> 
     </span>
     <span class='ocr_line' id='line_1_3' title="bbox 228 524 1314 605; baseline -0.001 -19"><span class='ocrx_word' id='word_1_11' title='bbox 228 528 383 605; x_wconf 79' lang='lat' dir='ltr'>diligenter</span> <span class='ocrx_word' id='word_1_12' title='bbox 404 533 589 585; x_wconf 86' lang='lat' dir='ltr'>uersarentur</span> <span class='ocrx_word' id='word_1_13' title='bbox 611 534 640 583; x_wconf 93' lang='lat' dir='ltr'>et</span> <span class='ocrx_word' id='word_1_14' title='bbox 665 528 722 605; x_wconf 92' lang='lat' dir='ltr'>ipsi</span> <span class='ocrx_word' id='word_1_15' title='bbox 750 526 877 583; x_wconf 88' lang='lat' dir='ltr'>earmina</span> <span class='ocrx_word' id='word_1_16' title='bbox 898 524 1033 582; x_wconf 76' lang='lat' dir='ltr'>lacerent.</span> <span class='ocrx_word' id='word_1_17' title='bbox 1078 525 1110 584; x_wconf 84' lang='lat' dir='ltr'>Si</span> <span class='ocrx_word' id='word_1_18' title='bbox 1132 526 1221 603; x_wconf 85' lang='lat' dir='ltr'>igitur</span> <span class='ocrx_word' id='word_1_19' title='bbox 1242 528 1314 585; x_wconf 89' lang='lat' dir='ltr'>iure</span> 
     </span>
     <span class='ocr_line' id='line_1_4' title="bbox 229 630 1311 713; baseline -0.003 -20"><span class='ocrx_word' id='word_1_20' title='bbox 229 633 431 713; x_wconf 91' lang='lat' dir='ltr'>Euphronium</span> <span class='ocrx_word' id='word_1_21' title='bbox 453 631 521 690; x_wconf 85' lang='lat' dir='ltr'>huie</span> <span class='ocrx_word' id='word_1_22' title='bbox 541 633 629 689; x_wconf 90' lang='lat' dir='ltr'>aetati</span> <span class='ocrx_word' id='word_1_23' title='bbox 647 630 803 703; x_wconf 81' lang='lat' dir='ltr'>reddimus,</span> <span class='ocrx_word' id='word_1_24' title='bbox 825 632 929 688; x_wconf 88' lang='lat' dir='ltr'>mirum</span> <span class='ocrx_word' id='word_1_25' title='bbox 951 648 1021 687; x_wconf 84' lang='lat' dir='ltr'>sane</span> <span class='ocrx_word' id='word_1_26' title='bbox 1043 640 1126 703; x_wconf 80' lang='lat' dir='ltr'>esset,</span> <span class='ocrx_word' id='word_1_27' title='bbox 1150 633 1174 689; x_wconf 89' lang='lat' dir='ltr'>si</span> <span class='ocrx_word' id='word_1_28' title='bbox 1197 630 1247 691; x_wconf 89' lang='lat' dir='ltr'>ille</span> <span class='ocrx_word' id='word_1_29' title='bbox 1267 630 1311 690; x_wconf 86' lang='lat' dir='ltr'>ab</span> 
     </span>
     <span class='ocr_line' id='line_1_5' title="bbox 229 733 1312 815; baseline -0.003 -18"><span class='ocrx_word' id='word_1_30' title='bbox 229 739 284 797; x_wconf 84' lang='lat' dir='ltr'>hae</span> <span class='ocrx_word' id='word_1_31' title='bbox 306 734 514 796; x_wconf 80' lang='lat' dir='ltr'>consuetudine</span> <span class='ocrx_word' id='word_1_32' title='bbox 536 739 707 796; x_wconf 73' lang='lat' dir='ltr'>recessisset.</span> <span class='ocrx_word' id='word_1_33' title='bbox 752 737 792 793; x_wconf 86' lang='lat' dir='ltr'>Et</span> <span class='ocrx_word' id='word_1_34' title='bbox 810 733 961 814; x_wconf 88' lang='lat' dir='ltr'>amplexus</span> <span class='ocrx_word' id='word_1_35' title='bbox 979 744 1023 793; x_wconf 92' lang='lat' dir='ltr'>est</span> <span class='ocrx_word' id='word_1_36' title='bbox 1042 744 1197 815; x_wconf 89' lang='lat' dir='ltr'>utrumque</span> <span class='ocrx_word' id='word_1_37' title='bbox 1211 755 1312 813; x_wconf 82' lang='lat' dir='ltr'>genus</span> 
     </span>
     <span class='ocr_line' id='line_1_6' title="bbox 229 839 1311 923; baseline -0.002 -20"><span class='ocrx_word' id='word_1_38' title='bbox 229 842 398 903; x_wconf 85' lang='lat' dir='ltr'>studiorum.</span> <span class='ocrx_word' id='word_1_39' title='bbox 442 842 548 900; x_wconf 85' lang='lat' dir='ltr'>Exstat</span> <span class='ocrx_word' id='word_1_40' title='bbox 568 840 647 922; x_wconf 89' lang='lat' dir='ltr'>apud</span> <span class='ocrx_word' id='word_1_41' title='bbox 668 839 840 901; x_wconf 81' lang='lat' dir='ltr'><strong>Strabonem</strong></span> <span class='ocrx_word' id='word_1_42' title='bbox 862 843 934 902; x_wconf 85' lang='lat' dir='ltr'>VIII</span> <span class='ocrx_word' id='word_1_43' title='bbox 959 846 1017 901; x_wconf 80' lang='lat'>382</span> <span class='ocrx_word' id='word_1_44' title='bbox 1048 839 1064 899; x_wconf 81' lang='grc' dir='ltr'><strong><em>ὅ</em></strong></span> <span class='ocrx_word' id='word_1_45' title='bbox 1086 841 1125 900; x_wconf 84' lang='grc' dir='ltr'>τὰ</span> <span class='ocrx_word' id='word_1_46' title='bbox 1146 839 1311 923; x_wconf 81' lang='grc' dir='ltr'><em>Πριάπεια</em></span> 
     </span>
     <span class='ocr_line' id='line_1_7' title="bbox 229 943 1311 1028; baseline 0 -21"><span class='ocrx_word' id='word_1_47' title='bbox 229 947 355 1026; x_wconf 84' lang='grc' dir='ltr'><em>ποιήσας</em></span> <span class='ocrx_word' id='word_1_48' title='bbox 371 943 549 1028; x_wconf 75' lang='grc' dir='ltr'><em>Εὐφρόνιος,</em></span> <span class='ocrx_word' id='word_1_49' title='bbox 572 948 623 1025; x_wconf 91' lang='lat' dir='ltr'>qui</span> <span class='ocrx_word' id='word_1_50' title='bbox 645 965 711 1005; x_wconf 84' lang='lat' dir='ltr'>eum</span> <span class='ocrx_word' id='word_1_51' title='bbox 731 953 831 1026; x_wconf 89' lang='lat' dir='ltr'>aperte</span> <span class='ocrx_word' id='word_1_52' title='bbox 853 963 911 1003; x_wconf 91' lang='lat' dir='ltr'>non</span> <span class='ocrx_word' id='word_1_53' title='bbox 935 943 1066 1005; x_wconf 91' lang='lat' dir='ltr'>diuersus</span> <span class='ocrx_word' id='word_1_54' title='bbox 1084 949 1121 1006; x_wconf 85' lang='lat' dir='ltr'>sit</span> <span class='ocrx_word' id='word_1_55' title='bbox 1134 947 1172 1007; x_wconf 91' lang='lat' dir='ltr'>ab</span> <span class='ocrx_word' id='word_1_56' title='bbox 1186 948 1311 1027; x_wconf 92' lang='lat' dir='ltr'>Eupho·</span> 
     </span>
     <span class='ocr_line' id='line_1_8' title="bbox 229 1033 1308 1132; baseline 0.004 -21"><span class='ocrx_word' id='word_1_57' title='bbox 229 1055 311 1111; x_wconf 88' lang='lat' dir='ltr'>rione</span> <span class='ocrx_word' id='word_1_58' title='bbox 341 1053 544 1112; x_wconf 81' lang='lat' dir='ltr'>Chersonesita</span> <span class='ocrx_word' id='word_1_59' title='bbox 573 1033 757 1131; x_wconf 88' lang='lat' dir='ltr'>priapeorum</span> <span class='ocrx_word' id='word_1_60' title='bbox 785 1059 870 1129; x_wconf 82' lang='lat' dir='ltr'>poeta</span> <span class='ocrx_word' id='word_1_61' title='bbox 898 1050 936 1108; x_wconf 91' lang='lat' dir='ltr'>ab</span> <span class='ocrx_word' id='word_1_62' title='bbox 965 1052 1181 1132; x_wconf 81' lang='lat' dir='ltr'>Hephaestione</span> <span class='ocrx_word' id='word_1_63' title='bbox 1209 1074 1238 1131; x_wconf 91' lang='lat' dir='ltr'>p.</span> <span class='ocrx_word' id='word_1_64' title='bbox 1265 1059 1308 1115; x_wconf 88' lang='grc'>64</span> 
     </span>
     <span class='ocr_line' id='line_1_9' title="bbox 230 1155 1308 1240; baseline -0.001 -22"><span class='ocrx_word' id='word_1_65' title='bbox 230 1158 366 1240; x_wconf 64' lang='lat' dir='ltr'>(Gaisrss)</span> <span class='ocrx_word' id='word_1_66' title='bbox 376 1156 504 1229; x_wconf 87' lang='lat' dir='ltr'>laudato,</span> <span class='ocrx_word' id='word_1_67' title='bbox 516 1156 681 1215; x_wconf 86' lang='lat' dir='ltr'>Meinekius</span> <span class='ocrx_word' id='word_1_68' title='bbox 696 1155 748 1237; x_wconf 87' lang='lat' dir='ltr'>(ad</span> <span class='ocrx_word' id='word_1_69' title='bbox 757 1155 888 1235; x_wconf 86' lang='lat' dir='ltr'><strong>Euphor.</strong></span> <span class='ocrx_word' id='word_1_70' title='bbox 900 1177 929 1234; x_wconf 89' lang='lat' dir='ltr'>p.</span> <span class='ocrx_word' id='word_1_71' title='bbox 941 1163 971 1219; x_wconf 84' lang='lat'>5.</span> <span class='ocrx_word' id='word_1_72' title='bbox 986 1157 1072 1215; x_wconf 88' lang='lat' dir='ltr'>Anal.</span> <span class='ocrx_word' id='word_1_73' title='bbox 1085 1157 1171 1219; x_wconf 84' lang='lat' dir='ltr'>Alex.</span> <span class='ocrx_word' id='word_1_74' title='bbox 1186 1179 1215 1236; x_wconf 90' lang='lat' dir='ltr'>p.</span> <span class='ocrx_word' id='word_1_75' title='bbox 1228 1156 1308 1238; x_wconf 86' lang='grc'>345)</span> 
     </span>
     <span class='ocr_line' id='line_1_10' title="bbox 230 1259 1310 1341; baseline -0.002 -19"><span class='ocrx_word' id='word_1_76' title='bbox 230 1262 365 1322; x_wconf 84' lang='lat' dir='ltr'>Straboni</span> <span class='ocrx_word' id='word_1_77' title='bbox 394 1282 500 1321; x_wconf 89' lang='lat' dir='ltr'>nomen</span> <span class='ocrx_word' id='word_1_78' title='bbox 521 1262 718 1341; x_wconf 85' lang='lat' dir='ltr'>Euphorionis</span> <span class='ocrx_word' id='word_1_79' title='bbox 745 1259 955 1319; x_wconf 89' lang='lat' dir='ltr'>restituendum</span> <span class='ocrx_word' id='word_1_80' title='bbox 982 1281 1044 1321; x_wconf 91' lang='lat' dir='ltr'>esse</span> <span class='ocrx_word' id='word_1_81' title='bbox 1070 1261 1222 1336; x_wconf 76' lang='lat' dir='ltr'>iudicavit3</span> <span class='ocrx_word' id='word_1_82' title='bbox 1254 1263 1310 1340; x_wconf 91' lang='lat' dir='ltr'>qui</span> 
     </span>
     <span class='ocr_line' id='line_1_11' title="bbox 230 1364 1310 1448; baseline -0.002 -22"><span class='ocrx_word' id='word_1_83' title='bbox 230 1367 347 1447; x_wconf 91' lang='lat' dir='ltr'>quidem</span> <span class='ocrx_word' id='word_1_84' title='bbox 377 1388 442 1426; x_wconf 89' lang='lat' dir='ltr'>eum</span> <span class='ocrx_word' id='word_1_85' title='bbox 472 1387 571 1427; x_wconf 88' lang='lat' dir='ltr'>omnes</span> <span class='ocrx_word' id='word_1_86' title='bbox 598 1366 749 1427; x_wconf 84' lang='lat' dir='ltr'>Strabonis</span> <span class='ocrx_word' id='word_1_87' title='bbox 779 1364 891 1425; x_wconf 84' lang='lat' dir='ltr'>oodiees</span> <span class='ocrx_word' id='word_1_88' title='bbox 924 1368 955 1424; x_wconf 93' lang='lat' dir='ltr'>in</span> <span class='ocrx_word' id='word_1_89' title='bbox 983 1368 1107 1426; x_wconf 81' lang='lat' dir='ltr'>lectione</span> <span class='ocrx_word' id='word_1_90' title='bbox 1136 1365 1310 1448; x_wconf 74' lang='grc' dir='ltr'><em>Εὐφρόνιος</em></span> 
     </span>
     <span class='ocr_line' id='line_1_12' title="bbox 230 1471 1310 1552; baseline -0.002 -20"><span class='ocrx_word' id='word_1_91' title='bbox 230 1477 411 1532; x_wconf 74' lang='lat' dir='ltr'>consentiant</span> <span class='ocrx_word' id='word_1_92' title='bbox 444 1492 567 1551; x_wconf 85' lang='lat' dir='ltr'>eumque</span> <span class='ocrx_word' id='word_1_93' title='bbox 599 1471 749 1551; x_wconf 88' lang='lat' dir='ltr'>Euphorio</span> <span class='ocrx_word' id='word_1_94' title='bbox 784 1472 986 1532; x_wconf 84' lang='lat' dir='ltr'>Chersonesita</span> <span class='ocrx_word' id='word_1_95' title='bbox 1018 1476 1185 1551; x_wconf 78' lang='lat' dir='ltr'>ceteroquin</span> <span class='ocrx_word' id='word_1_96' title='bbox 1218 1472 1310 1552; x_wconf 86' lang='lat' dir='ltr'>plane</span> 
     </span>
     <span class='ocr_line' id='line_1_13' title="bbox 230 1574 1307 1658; baseline -0.002 -19"><span class='ocrx_word' id='word_1_97' title='bbox 230 1582 346 1657; x_wconf 82' lang='lat' dir='ltr'>ignotus</span> <span class='ocrx_word' id='word_1_98' title='bbox 367 1581 413 1652; x_wconf 89' lang='lat' dir='ltr'>sit,</span> <span class='ocrx_word' id='word_1_99' title='bbox 436 1581 499 1658; x_wconf 87' lang='lat' dir='ltr'>ipse</span> <span class='ocrx_word' id='word_1_100' title='bbox 520 1578 595 1636; x_wconf 83' lang='lat' dir='ltr'>hano</span> <span class='ocrx_word' id='word_1_101' title='bbox 610 1574 841 1635; x_wconf 82' lang='lat' dir='ltr'>emendationem</span> <span class='ocrx_word' id='word_1_102' title='bbox 855 1580 885 1636; x_wconf 91' lang='lat' dir='ltr'>in</span> <span class='ocrx_word' id='word_1_103' title='bbox 901 1575 1021 1636; x_wconf 90' lang='lat' dir='ltr'>dubium</span> <span class='ocrx_word' id='word_1_104' title='bbox 1034 1580 1151 1636; x_wconf 85' lang='lat' dir='ltr'>uocauit</span> <span class='ocrx_word' id='word_1_105' title='bbox 1166 1576 1307 1657; x_wconf 88' lang='lat' dir='ltr'>(addend.</span> 
     </span>
     <span class='ocr_line' id='line_1_14' title="bbox 230 1679 1310 1765; baseline -0.004 -20"><span class='ocrx_word' id='word_1_106' title='bbox 230 1706 259 1764; x_wconf 93' lang='lat' dir='ltr'>p.</span> <span class='ocrx_word' id='word_1_107' title='bbox 273 1683 357 1765; x_wconf 87' lang='grc'>406).</span> <span class='ocrx_word' id='word_1_108' title='bbox 392 1683 454 1743; x_wconf 88' lang='lat' dir='ltr'>Iam</span> <span class='ocrx_word' id='word_1_109' title='bbox 477 1703 547 1742; x_wconf 91' lang='lat' dir='ltr'>uero</span> <span class='ocrx_word' id='word_1_110' title='bbox 570 1684 654 1742; x_wconf 80' lang='lat' dir='ltr'>tertio</span> <span class='ocrx_word' id='word_1_111' title='bbox 675 1679 788 1739; x_wconf 81' lang='lat' dir='ltr'>saeculo</span> <span class='ocrx_word' id='word_1_112' title='bbox 804 1682 1006 1761; x_wconf 87' lang='lat' dir='ltr'>Euphronium</span> <span class='ocrx_word' id='word_1_113' title='bbox 1021 1682 1147 1762; x_wconf 86' lang='lat' dir='ltr'>aliquem</span> <span class='ocrx_word' id='word_1_114' title='bbox 1162 1685 1310 1742; x_wconf 85' lang='lat' dir='ltr'>exstitisse</span> 
     </span>
     <span class='ocr_line' id='line_1_15' title="bbox 231 1779 1311 1870; baseline 0 -23"><span class='ocrx_word' id='word_1_115' title='bbox 231 1788 315 1847; x_wconf 81' lang='lat' dir='ltr'>docet</span> <span class='ocrx_word' id='word_1_116' title='bbox 335 1787 424 1847; x_wconf 88' lang='lat' dir='ltr'>sehol.</span> <span class='ocrx_word' id='word_1_117' title='bbox 447 1789 544 1868; x_wconf 87' lang='lat' dir='ltr'>Heph.</span> <span class='ocrx_word' id='word_1_118' title='bbox 566 1810 595 1867; x_wconf 91' lang='lat' dir='ltr'>p.</span> <span class='ocrx_word' id='word_1_119' title='bbox 610 1794 648 1850; x_wconf 87' lang='lat'>57</span> <span class='ocrx_word' id='word_1_120' title='bbox 673 1779 715 1856; x_wconf 78' lang='grc' dir='ltr'>εἷς</span> <span class='ocrx_word' id='word_1_121' title='bbox 736 1782 779 1843; x_wconf 84' lang='grc' dir='ltr'>ίύν</span> <span class='ocrx_word' id='word_1_122' title='bbox 800 1793 854 1864; x_wconf 80' lang='grc' dir='ltr'>τῆς</span> <span class='ocrx_word' id='word_1_123' title='bbox 868 1785 1036 1870; x_wconf 75' lang='grc' dir='ltr'><em>Πλειάδος]</em></span> <span class='ocrx_word' id='word_1_124' title='bbox 1050 1780 1246 1867; x_wconf 30' lang='grc' dir='ltr'><em>-ίΌμηρος,</em></span> <span class='ocrx_word' id='word_1_125' title='bbox 1261 1822 1311 1834; x_wconf 86' lang='lat'>—-</span> 
     </span>
     <span class='ocr_line' id='line_1_16' title="bbox 231 1887 1308 1973; baseline -0.002 -21"><span class='ocrx_word' id='word_1_126' title='bbox 231 1891 282 1952; x_wconf 80' lang='grc' dir='ltr'>καὶ</span> <span class='ocrx_word' id='word_1_127' title='bbox 298 1893 463 1969; x_wconf 72' lang='grc' dir='ltr'><em>Σωσίθεος,</em></span> <span class='ocrx_word' id='word_1_128' title='bbox 480 1892 530 1952; x_wconf 77' lang='grc' dir='ltr'>καὶ</span> <span class='ocrx_word' id='word_1_129' title='bbox 543 1889 733 1973; x_wconf 89' lang='grc' dir='ltr'><em>Λυκόφρων,</em></span> <span class='ocrx_word' id='word_1_130' title='bbox 749 1891 799 1950; x_wconf 83' lang='grc' dir='ltr'>καὶ</span> <span class='ocrx_word' id='word_1_131' title='bbox 819 1887 1019 1973; x_wconf 71' lang='grc' dir='ltr'><em>Ἀλέξανδρος,</em></span> <span class='ocrx_word' id='word_1_132' title='bbox 1042 1892 1092 1951; x_wconf 83' lang='grc' dir='ltr'>καὶ</span> <span class='ocrx_word' id='word_1_133' title='bbox 1105 1890 1308 1970; x_wconf 80' lang='grc' dir='ltr'><em>Αίαντιιίύης,</em></span> 
     </span>
     <span class='ocr_line' id='line_1_17' title="bbox 231 1994 1311 2082; baseline -0.001 -25"><span class='ocrx_word' id='word_1_134' title='bbox 231 1999 280 2058; x_wconf 79' lang='grc' dir='ltr'>καὶ</span> <span class='ocrx_word' id='word_1_135' title='bbox 297 1999 487 2082; x_wconf 74' lang='grc' dir='ltr'><em>Σωσιφάνης,</em></span> <span class='ocrx_word' id='word_1_136' title='bbox 505 1998 555 2057; x_wconf 79' lang='grc' dir='ltr'>καὶ</span> <span class='ocrx_word' id='word_1_137' title='bbox 576 1996 728 2067; x_wconf 78' lang='grc' dir='ltr'><em>Φιλίσκος.</em></span> <span class='ocrx_word' id='word_1_138' title='bbox 766 1997 826 2058; x_wconf 90' lang='lat' dir='ltr'>Ubi</span> <span class='ocrx_word' id='word_1_139' title='bbox 843 1996 924 2056; x_wconf 88' lang='lat' dir='ltr'>addit</span> <span class='ocrx_word' id='word_1_140' title='bbox 942 1996 1005 2056; x_wconf 86' lang='lat' dir='ltr'>eod.</span> <span class='ocrx_word' id='word_1_141' title='bbox 1021 1997 1051 2056; x_wconf 86' lang='lat' dir='ltr'>S.</span> <span class='ocrx_word' id='word_1_142' title='bbox 1072 1994 1148 2068; x_wconf 73' lang='grc' dir='ltr'><em>τινὲς</em></span> <span class='ocrx_word' id='word_1_143' title='bbox 1168 1997 1234 2056; x_wconf 79' lang='grc' dir='ltr'><em>ἀντὶ</em></span> <span class='ocrx_word' id='word_1_144' title='bbox 1253 2005 1311 2056; x_wconf 81' lang='grc' dir='ltr'>τοῦ</span> 
     </span>
     <span class='ocr_line' id='line_1_18' title="bbox 230 2101 1310 2186; baseline -0.002 -23"><span class='ocrx_word' id='word_1_145' title='bbox 230 2101 421 2165; x_wconf 79' lang='grc' dir='ltr'><em>Αἰαντιάύου</em></span> <span class='ocrx_word' id='word_1_146' title='bbox 443 2104 492 2165; x_wconf 79' lang='grc' dir='ltr'>καὶ</span> <span class='ocrx_word' id='word_1_147' title='bbox 509 2102 706 2186; x_wconf 83' lang='grc' dir='ltr'><em>Σωσιφάνους</em></span> <span class='ocrx_word' id='word_1_148' title='bbox 724 2101 927 2182; x_wconf 80' lang='grc' dir='ltr'><em>Διονυσιάύην</em></span> <span class='ocrx_word' id='word_1_149' title='bbox 948 2103 998 2162; x_wconf 79' lang='grc' dir='ltr'>καί</span> <span class='ocrx_word' id='word_1_150' title='bbox 1019 2101 1246 2185; x_wconf 86' lang='grc' dir='ltr'><em>Εὐφρόνιον</em></span> <span class='ocrx_word' id='word_1_151' title='bbox 1268 2110 1310 2185; x_wconf 82' lang='grc' dir='ltr'>τῇ</span> 
     </span>
     <span class='ocr_line' id='line_1_19' title="bbox 231 2208 1307 2289; baseline -0.001 -21"><span class='ocrx_word' id='word_1_152' title='bbox 231 2208 363 2269; x_wconf 78' lang='grc' dir='ltr'><em>Πλειάύι</em></span> <span class='ocrx_word' id='word_1_153' title='bbox 386 2208 646 2289; x_wconf 64' lang='grc' dir='ltr'><em>συντόττουσινῦ),</em></span> <span class='ocrx_word' id='word_1_154' title='bbox 680 2209 780 2286; x_wconf 83' lang='lat' dir='ltr'>Atque</span> <span class='ocrx_word' id='word_1_155' title='bbox 802 2229 839 2268; x_wconf 92' lang='lat' dir='ltr'>ne</span> <span class='ocrx_word' id='word_1_156' title='bbox 860 2208 974 2268; x_wconf 89' lang='lat' dir='ltr'>dubites</span> <span class='ocrx_word' id='word_1_157' title='bbox 989 2209 1087 2267; x_wconf 85' lang='lat' dir='ltr'>confer</span> <span class='ocrx_word' id='word_1_158' title='bbox 1100 2209 1189 2267; x_wconf 81' lang='lat' dir='ltr'>schol.</span> <span class='ocrx_word' id='word_1_159' title='bbox 1207 2208 1307 2287; x_wconf 90' lang='lat' dir='ltr'>Heph.</span> 
     </span>
     <span class='ocr_line' id='line_1_20' title="bbox 231 2311 1309 2395; baseline -0.002 -21"><span class='ocrx_word' id='word_1_160' title='bbox 231 2336 260 2394; x_wconf 92' lang='lat' dir='ltr'>p.</span> <span class='ocrx_word' id='word_1_161' title='bbox 276 2323 313 2376; x_wconf 81' lang='grc'>64</span> <span class='ocrx_word' id='word_1_162' title='bbox 331 2313 501 2395; x_wconf 79' lang='grc' dir='ltr'><em>Πριότιειον</em></span> <span class='ocrx_word' id='word_1_163' title='bbox 515 2311 548 2373; x_wconf 61' lang='lat' dir='ltr'>dr*</span> <span class='ocrx_word' id='word_1_164' title='bbox 563 2313 688 2391; x_wconf 70' lang='grc' dir='ltr'><em>ἐκλήθη,</em></span> <span class='ocrx_word' id='word_1_165' title='bbox 706 2312 807 2390; x_wconf 68' lang='grc' dir='ltr'><em>ἐπειδὴ</em></span> <span class='ocrx_word' id='word_1_166' title='bbox 822 2312 983 2394; x_wconf 80' lang='grc' dir='ltr'><em>Εὐφορίων</em></span> <span class='ocrx_word' id='word_1_167' title='bbox 998 2313 1013 2373; x_wconf 84' lang='grc' dir='ltr'><strong>ὁ</strong></span> <span class='ocrx_word' id='word_1_168' title='bbox 1028 2336 1129 2395; x_wconf 77' lang='grc' dir='ltr'><em>γραμ</em></span> <span class='ocrx_word' id='word_1_169' title='bbox 1138 2313 1309 2391; x_wconf 86' lang='grc' dir='ltr'><em>ματικὸς</em></span> 
     </span>
    </p>
   </div>
   <div class='ocr_carea' id='block_1_3' title="bbox 232 2414 1309 2502">
    <p class='ocr_par' dir='ltr' id='par_1_3' title="bbox 232 2414 1309 2502">
     <span class='ocr_line' id='line_1_21' title="bbox 232 2414 1309 2502; baseline -0.001 -24"><span class='ocrx_word' id='word_1_170' title='bbox 232 2417 366 2478; x_wconf 74' lang='grc' dir='ltr'><em>ἐπὶτῶν</em></span> <span class='ocrx_word' id='word_1_171' title='bbox 388 2418 590 2497; x_wconf 74' lang='grc' dir='ltr'><em>Πτολεμαίων</em></span> <span class='ocrx_word' id='word_1_172' title='bbox 620 2414 650 2476; x_wconf 71' lang='grc' dir='ltr'>ἐν</span> <span class='ocrx_word' id='word_1_173' title='bbox 675 2414 922 2502; x_wconf 72' lang='grc' dir='ltr'><em>Ἀλεξανύρ(εί)ρι</em></span> <span class='ocrx_word' id='word_1_174' title='bbox 951 2415 1082 2499; x_wconf 65' lang='grc' dir='ltr'><em>ἔγραψεν</em></span> <span class='ocrx_word' id='word_1_175' title='bbox 1104 2418 1144 2489; x_wconf 77' lang='grc' dir='ltr'><em>εἰς</em></span> <span class='ocrx_word' id='word_1_176' title='bbox 1163 2418 1309 2500; x_wconf 85' lang='grc' dir='ltr'><em>Πρίαπον</em></span> 
     </span>
    </p>
   </div>
   <div class='ocr_carea' id='block_1_4' title="bbox 231 2520 1365 3867">
    <p class='ocr_par' dir='ltr' id='par_1_4' title="bbox 232 2520 1308 3445">
     <span class='ocr_line' id='line_1_22' title="bbox 232 2520 1308 2606; baseline -0.001 -24"><span class='ocrx_word' id='word_1_177' title='bbox 232 2531 322 2582; x_wconf 79' lang='grc' dir='ltr'><em>τοῦτο</em></span> <span class='ocrx_word' id='word_1_178' title='bbox 336 2523 371 2582; x_wconf 86' lang='grc' dir='ltr'>τὸ</span> <span class='ocrx_word' id='word_1_179' title='bbox 381 2521 501 2604; x_wconf 75' lang='grc' dir='ltr'><em>μέτρον.</em></span> <span class='ocrx_word' id='word_1_180' title='bbox 514 2563 553 2571; x_wconf 93' lang='grc'>-</span> <span class='ocrx_word' id='word_1_181' title='bbox 565 2520 674 2583; x_wconf 80' lang='grc' dir='ltr'><em>Ἰστίον</em></span> <span class='ocrx_word' id='word_1_182' title='bbox 689 2521 722 2581; x_wconf 67' lang='lat' dir='ltr'>de*</span> <span class='ocrx_word' id='word_1_183' title='bbox 737 2521 782 2581; x_wconf 85' lang='grc' dir='ltr'>ότι</span> <span class='ocrx_word' id='word_1_184' title='bbox 797 2522 906 2582; x_wconf 79' lang='grc' dir='ltr'><em>τούτου</em></span> <span class='ocrx_word' id='word_1_185' title='bbox 920 2532 974 2583; x_wconf 80' lang='grc' dir='ltr'>τοῦ</span> <span class='ocrx_word' id='word_1_186' title='bbox 988 2523 1178 2606; x_wconf 83' lang='grc' dir='ltr'><em>Εὐφορίωνος</em></span> <span class='ocrx_word' id='word_1_187' title='bbox 1191 2520 1308 2603; x_wconf 73' lang='grc' dir='ltr'><em>γέγονεν</em></span> 
     </span>
     <span class='ocr_line' id='line_1_23' title="bbox 232 2625 1305 2710; baseline 0 -23"><span class='ocrx_word' id='word_1_188' title='bbox 232 2627 382 2709; x_wconf 81' lang='grc' dir='ltr'><em>ἀκροατὴς</em></span> <span class='ocrx_word' id='word_1_189' title='bbox 404 2625 663 2710; x_wconf 80' lang='grc' dir='ltr'><em>Ἀρίσταρχος</em></span> <span class='ocrx_word' id='word_1_190' title='bbox 685 2626 701 2687; x_wconf 84' lang='grc' dir='ltr'>ὁ</span> <span class='ocrx_word' id='word_1_191' title='bbox 723 2627 940 2709; x_wconf 79' lang='grc' dir='ltr'><em>γραμματικός,</em></span> <span class='ocrx_word' id='word_1_192' title='bbox 958 2631 993 2688; x_wconf 93' lang='grc' dir='ltr'>οὐ</span> <span class='ocrx_word' id='word_1_193' title='bbox 1009 2627 1102 2706; x_wconf 85' lang='grc' dir='ltr'><em>μόνον</em></span> <span class='ocrx_word' id='word_1_194' title='bbox 1127 2625 1305 2708; x_wconf 81' lang='grc' dir='ltr'><em>Ἀριστο-</em></span> 
     </span>
     <span class='ocr_line' id='line_1_24' title="bbox 233 2731 1304 2816; baseline 0 -24"><span class='ocrx_word' id='word_1_195' title='bbox 233 2732 357 2816; x_wconf 86' lang='grc' dir='ltr'><em>φάνης</em></span> <span class='ocrx_word' id='word_1_196' title='bbox 372 2732 387 2793; x_wconf 79' lang='grc' dir='ltr'>ὁ</span> <span class='ocrx_word' id='word_1_197' title='bbox 405 2734 624 2809; x_wconf 83' lang='grc' dir='ltr'><em>Βυζάντιος</em></span> <span class='ocrx_word' id='word_1_198' title='bbox 639 2734 760 2815; x_wconf 77' lang='lat' dir='ltr'>(Bergk,</span> <span class='ocrx_word' id='word_1_199' title='bbox 776 2743 830 2794; x_wconf 86' lang='grc' dir='ltr'>τοῦ</span> <span class='ocrx_word' id='word_1_200' title='bbox 841 2742 895 2794; x_wconf 85' lang='grc' dir='ltr'><em>τού</em></span> <span class='ocrx_word' id='word_1_201' title='bbox 903 2733 1072 2808; x_wconf 81' lang='grc' dir='ltr'><em>Βυζαντίου</em></span> <span class='ocrx_word' id='word_1_202' title='bbox 1082 2734 1156 2806; x_wconf 83' lang='lat' dir='ltr'>eod,</span> <span class='ocrx_word' id='word_1_203' title='bbox 1169 2731 1304 2816; x_wconf 80' lang='grc' dir='ltr'><em>Ἀριστο-</em></span> 
     </span>
     <span class='ocr_line' id='line_1_25' title="bbox 233 2837 1305 2921; baseline -0.001 -23"><span class='ocrx_word' id='word_1_204' title='bbox 233 2837 354 2921; x_wconf 77' lang='grc' dir='ltr'><em>φαίνους’</em></span> <span class='ocrx_word' id='word_1_205' title='bbox 378 2848 432 2899; x_wconf 81' lang='grc' dir='ltr'>τοῦ</span> <span class='ocrx_word' id='word_1_206' title='bbox 465 2838 634 2914; x_wconf 84' lang='grc' dir='ltr'><em>Βυζαντίου</em></span> <span class='ocrx_word' id='word_1_207' title='bbox 662 2839 821 2919; x_wconf 86' lang='lat' dir='ltr'>Westpb.).</span> <span class='ocrx_word' id='word_1_208' title='bbox 871 2839 933 2899; x_wconf 86' lang='lat' dir='ltr'>Iam</span> <span class='ocrx_word' id='word_1_209' title='bbox 965 2848 1067 2920; x_wconf 84' lang='lat' dir='ltr'>reputa</span> <span class='ocrx_word' id='word_1_210' title='bbox 1087 2840 1305 2918; x_wconf 85' lang='lat' dir='ltr'>Euphorionem</span> 
     </span>
     <span class='ocr_line' id='line_1_26' title="bbox 235 2943 1306 3025; baseline -0.002 -21"><span class='ocrx_word' id='word_1_211' title='bbox 235 2945 466 3005; x_wconf 81' lang='lat' dir='ltr'>Chersonesitam</span> <span class='ocrx_word' id='word_1_212' title='bbox 495 2946 581 3025; x_wconf 87' lang='lat' dir='ltr'>plane</span> <span class='ocrx_word' id='word_1_213' title='bbox 608 2948 738 3020; x_wconf 81' lang='lat' dir='ltr'>ignotum</span> <span class='ocrx_word' id='word_1_214' title='bbox 768 2964 839 3016; x_wconf 88' lang='lat' dir='ltr'>esse,</span> <span class='ocrx_word' id='word_1_215' title='bbox 869 2946 1069 3025; x_wconf 90' lang='lat' dir='ltr'>Euphronium</span> <span class='ocrx_word' id='word_1_216' title='bbox 1099 2948 1175 3004; x_wconf 90' lang='lat' dir='ltr'>inter</span> <span class='ocrx_word' id='word_1_217' title='bbox 1201 2943 1306 3025; x_wconf 87' lang='lat' dir='ltr'>pliadis</span> 
     </span>
     <span class='ocr_line' id='line_1_27' title="bbox 233 3046 1306 3130; baseline 0.002 -24"><span class='ocrx_word' id='word_1_218' title='bbox 233 3046 363 3107; x_wconf 76' lang='lat' dir='ltr'>auctores</span> <span class='ocrx_word' id='word_1_219' title='bbox 395 3058 543 3129; x_wconf 85' lang='lat' dir='ltr'>receptum</span> <span class='ocrx_word' id='word_1_220' title='bbox 575 3051 678 3125; x_wconf 81' lang='lat' dir='ltr'>fuisse3</span> <span class='ocrx_word' id='word_1_221' title='bbox 715 3059 810 3109; x_wconf 81' lang='lat' dir='ltr'>aetate</span> <span class='ocrx_word' id='word_1_222' title='bbox 831 3050 1070 3110; x_wconf 81' lang='lat' dir='ltr'>‘Ptolemaeorum</span> <span class='ocrx_word' id='word_1_223' title='bbox 1104 3050 1306 3130; x_wconf 90' lang='lat' dir='ltr'>Euphronium</span> 
     </span>
     <span class='ocr_line' id='line_1_28' title="bbox 233 3152 1303 3236; baseline 0.004 -25"><span class='ocrx_word' id='word_1_224' title='bbox 233 3152 379 3232; x_wconf 86' lang='lat' dir='ltr'>quendam</span> <span class='ocrx_word' id='word_1_225' title='bbox 406 3156 467 3213; x_wconf 92' lang='lat' dir='ltr'>siue</span> <span class='ocrx_word' id='word_1_226' title='bbox 489 3154 707 3233; x_wconf 85' lang='lat' dir='ltr'>Euphorionem</span> <span class='ocrx_word' id='word_1_227' title='bbox 733 3158 852 3235; x_wconf 85' lang='lat' dir='ltr'>priapea</span> <span class='ocrx_word' id='word_1_228' title='bbox 880 3158 1035 3236; x_wconf 82' lang='lat' dir='ltr'>scripsisse,</span> <span class='ocrx_word' id='word_1_229' title='bbox 1066 3154 1190 3215; x_wconf 92' lang='lat' dir='ltr'>eundem</span> <span class='ocrx_word' id='word_1_230' title='bbox 1212 3176 1303 3233; x_wconf 83' lang='lat' dir='ltr'>gram·</span> 
     </span>
     <span class='ocr_line' id='line_1_29' title="bbox 233 3259 1303 3342; baseline 0 -24"><span class='ocrx_word' id='word_1_231' title='bbox 233 3262 367 3319; x_wconf 87' lang='lat' dir='ltr'>matieum</span> <span class='ocrx_word' id='word_1_232' title='bbox 403 3270 431 3318; x_wconf 90' lang='lat' dir='ltr'>et</span> <span class='ocrx_word' id='word_1_233' title='bbox 463 3259 667 3339; x_wconf 87' lang='lat' dir='ltr'>Aristophanis</span> <span class='ocrx_word' id='word_1_234' title='bbox 700 3260 917 3339; x_wconf 85' lang='lat' dir='ltr'>Aristarchique</span> <span class='ocrx_word' id='word_1_235' title='bbox 948 3262 1117 3338; x_wconf 83' lang='lat' dir='ltr'>magistrum</span> <span class='ocrx_word' id='word_1_236' title='bbox 1149 3262 1303 3342; x_wconf 86' lang='lat' dir='ltr'>appellari:</span> 
     </span>
     <span class='ocr_line' id='line_1_30' title="bbox 232 3365 853 3445; baseline 0.002 -23"><span class='ocrx_word' id='word_1_237' title='bbox 232 3384 330 3424; x_wconf 92' lang='lat' dir='ltr'>nonne</span> <span class='ocrx_word' id='word_1_238' title='bbox 351 3384 396 3424; x_wconf 90' lang='lat' dir='ltr'>res</span> <span class='ocrx_word' id='word_1_239' title='bbox 418 3384 511 3445; x_wconf 81' lang='lat' dir='ltr'>paene</span> <span class='ocrx_word' id='word_1_240' title='bbox 532 3374 610 3423; x_wconf 80' lang='lat' dir='ltr'>certa</span> <span class='ocrx_word' id='word_1_241' title='bbox 632 3385 694 3424; x_wconf 93' lang='lat' dir='ltr'>esse</span> <span class='ocrx_word' id='word_1_242' title='bbox 715 3365 853 3425; x_wconf 79' lang='lat' dir='ltr'>uidetur?</span> 
     </span>
    </p>

    <p class='ocr_par' dir='ltr' id='par_1_5' title="bbox 231 3469 1365 3867">
     <span class='ocr_line' id='line_1_31' title="bbox 319 3469 1365 3554; baseline 0.004 -27"><span class='ocrx_word' id='word_1_243' title='bbox 319 3469 418 3549; x_wconf 89' lang='lat' dir='ltr'>Atque</span> <span class='ocrx_word' id='word_1_244' title='bbox 440 3473 525 3530; x_wconf 89' lang='lat' dir='ltr'>otiam</span> <span class='ocrx_word' id='word_1_245' title='bbox 548 3489 625 3549; x_wconf 83' lang='lat' dir='ltr'>quae</span> <span class='ocrx_word' id='word_1_246' title='bbox 646 3470 682 3529; x_wconf 93' lang='lat' dir='ltr'>de</span> <span class='ocrx_word' id='word_1_247' title='bbox 700 3472 786 3531; x_wconf 92' lang='lat' dir='ltr'>huius</span> <span class='ocrx_word' id='word_1_248' title='bbox 802 3473 1022 3531; x_wconf 82' lang='lat' dir='ltr'>Chersonesitae</span> <span class='ocrx_word' id='word_1_249' title='bbox 1036 3482 1131 3532; x_wconf 82' lang='lat' dir='ltr'>aetate</span> <span class='ocrx_word' id='word_1_250' title='bbox 1141 3472 1304 3531; x_wconf 85' lang='lat' dir='ltr'>Meinekius</span> <span class='ocrx_word' id='word_1_251' title='bbox 1347 3541 1365 3554; x_wconf 7' lang='grc' dir='ltr'>,Ἴ</span> 
     </span>
     <span class='ocr_line' id='line_1_32' title="bbox 234 3574 1365 3657; baseline 0.005 -25"><span class='ocrx_word' id='word_1_252' title='bbox 234 3574 334 3655; x_wconf 89' lang='lat' dir='ltr'>(Anal.</span> <span class='ocrx_word' id='word_1_253' title='bbox 354 3597 382 3654; x_wconf 87' lang='lat' dir='ltr'>p.</span> <span class='ocrx_word' id='word_1_254' title='bbox 401 3575 475 3656; x_wconf 82' lang='lat'>345)</span> <span class='ocrx_word' id='word_1_255' title='bbox 499 3595 535 3633; x_wconf 86' lang='lat' dir='ltr'>ox</span> <span class='ocrx_word' id='word_1_256' title='bbox 558 3575 689 3634; x_wconf 88' lang='lat' dir='ltr'>uersibus</span> <span class='ocrx_word' id='word_1_257' title='bbox 708 3579 828 3635; x_wconf 75' lang='lat' dir='ltr'>seruatIs</span> <span class='ocrx_word' id='word_1_258' title='bbox 851 3578 1021 3651; x_wconf 85' lang='lat' dir='ltr'>enucleauit,</span> <span class='ocrx_word' id='word_1_259' title='bbox 1043 3577 1081 3636; x_wconf 86' lang='lat' dir='ltr'>ad</span> <span class='ocrx_word' id='word_1_260' title='bbox 1102 3578 1302 3657; x_wconf 88' lang='lat' dir='ltr'>Euphronium</span> <span class='ocrx_word' id='word_1_261' title='bbox 1364 3629 1365 3638; x_wconf 70' lang='grc'><em>,</em></span> 
     </span>
     <span class='ocr_line' id='line_1_33' title="bbox 231 3678 1303 3760; baseline 0.001 -22"><span class='ocrx_word' id='word_1_262' title='bbox 231 3679 358 3760; x_wconf 89' lang='lat' dir='ltr'>perbene</span> <span class='ocrx_word' id='word_1_263' title='bbox 379 3678 531 3758; x_wconf 84' lang='lat' dir='ltr'>quadrant,</span> <span class='ocrx_word' id='word_1_264' title='bbox 555 3678 697 3759; x_wconf 89' lang='lat' dir='ltr'>siquidem</span> <span class='ocrx_word' id='word_1_265' title='bbox 720 3702 786 3742; x_wconf 91' lang='lat' dir='ltr'>eum</span> <span class='ocrx_word' id='word_1_266' title='bbox 808 3685 883 3741; x_wconf 83' lang='lat' dir='ltr'>circa</span> <span class='ocrx_word' id='word_1_267' title='bbox 904 3685 1018 3742; x_wconf 90' lang='lat' dir='ltr'>initium</span> <span class='ocrx_word' id='word_1_268' title='bbox 1040 3685 1120 3760; x_wconf 87' lang='lat' dir='ltr'>regni</span> <span class='ocrx_word' id='word_1_269' title='bbox 1145 3683 1303 3741; x_wconf 88' lang='lat' dir='ltr'>Ptolemaei</span> 
     </span>
     <span class='ocr_line' id='line_1_34' title="bbox 231 3784 1303 3867; baseline 0.003 -25"><span class='ocrx_word' id='word_1_270' title='bbox 231 3784 427 3864; x_wconf 89' lang='lat' dir='ltr'>Philopatoris</span> <span class='ocrx_word' id='word_1_271' title='bbox 448 3784 507 3866; x_wconf 85' lang='lat' dir='ltr'>(Ol.</span> <span class='ocrx_word' id='word_1_272' title='bbox 518 3784 612 3867; x_wconf 84' lang='lat' dir='ltr'>CXL)</span> <span class='ocrx_word' id='word_1_273' title='bbox 631 3788 720 3845; x_wconf 88' lang='lat' dir='ltr'>fuisse</span> <span class='ocrx_word' id='word_1_274' title='bbox 736 3790 864 3846; x_wconf 82' lang='lat' dir='ltr'>coniecit.</span> <span class='ocrx_word' id='word_1_275' title='bbox 899 3787 983 3863; x_wconf 74' lang='lat' dir='ltr'>Quae</span> <span class='ocrx_word' id='word_1_276' title='bbox 997 3797 1092 3847; x_wconf 86' lang='lat' dir='ltr'>autem</span> <span class='ocrx_word' id='word_1_277' title='bbox 1109 3787 1303 3846; x_wconf 81' lang='lat' dir='ltr'>Chersonesus</span> 
     </span>
    </p>
   </div>
   <div class='ocr_carea' id='block_1_5' title="bbox 232 4001 1302 4187">
    <p class='ocr_par' dir='ltr' id='par_1_6' title="bbox 232 4001 1302 4187">
     <span class='ocr_line' id='line_1_35' title="bbox 302 4001 1302 4096; baseline 0 -15"><span class='ocrx_word' id='word_1_278' title='bbox 302 4001 339 4091; x_wconf 13' lang='lat' dir='ltr'>ll)</span> <span class='ocrx_word' id='word_1_279' title='bbox 356 4030 433 4081; x_wconf 92' lang='lat' dir='ltr'>Unde</span> <span class='ocrx_word' id='word_1_280' title='bbox 450 4031 580 4096; x_wconf 82' lang='lat' dir='ltr'>Bergkius</span> <span class='ocrx_word' id='word_1_281' title='bbox 599 4033 713 4081; x_wconf 84' lang='lat' dir='ltr'>coniecit</span> <span class='ocrx_word' id='word_1_282' title='bbox 730 4032 811 4081; x_wconf 86' lang='lat' dir='ltr'>sohel.</span> <span class='ocrx_word' id='word_1_283' title='bbox 831 4030 918 4096; x_wconf 86' lang='lat' dir='ltr'>Heph.</span> <span class='ocrx_word' id='word_1_284' title='bbox 936 4048 961 4095; x_wconf 92' lang='lat' dir='ltr'>p.</span> <span class='ocrx_word' id='word_1_285' title='bbox 981 4032 1013 4081; x_wconf 79' lang='lat'>58</span> <span class='ocrx_word' id='word_1_286' title='bbox 1031 4046 1079 4094; x_wconf 91' lang='lat' dir='ltr'>pro</span> <span class='ocrx_word' id='word_1_287' title='bbox 1097 4033 1203 4081; x_wconf 88' lang='lat' dir='ltr'>nomine</span> <span class='ocrx_word' id='word_1_288' title='bbox 1216 4035 1302 4082; x_wconf 78' lang='grc' dir='ltr'><em>Αἰαν-</em></span> 
     </span>
     <span class='ocr_line' id='line_1_36' title="bbox 232 4112 1046 4187; baseline 0 -20"><span class='ocrx_word' id='word_1_289' title='bbox 232 4112 327 4182; x_wconf 78' lang='grc' dir='ltr'><em>τιτίύης</em></span> <span class='ocrx_word' id='word_1_290' title='bbox 344 4119 372 4167; x_wconf 94' lang='lat' dir='ltr'>in</span> <span class='ocrx_word' id='word_1_291' title='bbox 390 4118 422 4169; x_wconf 91' lang='lat' dir='ltr'>E.</span> <span class='ocrx_word' id='word_1_292' title='bbox 434 4118 459 4168; x_wconf 82' lang='lat' dir='ltr'>S.</span> <span class='ocrx_word' id='word_1_293' title='bbox 479 4121 577 4169; x_wconf 84' lang='lat' dir='ltr'>omisso</span> <span class='ocrx_word' id='word_1_294' title='bbox 597 4113 757 4187; x_wconf 75' lang='grc' dir='ltr'><em>Εὐφρόνιος</em></span> <span class='ocrx_word' id='word_1_295' title='bbox 773 4119 962 4169; x_wconf 89' lang='lat' dir='ltr'>restituendum</span> <span class='ocrx_word' id='word_1_296' title='bbox 981 4134 1046 4168; x_wconf 92' lang='lat' dir='ltr'>esse.</span> 
     </span>
    </p>
   </div>
   <div class='ocr_carea' id='block_1_6' title="bbox 0 0 1403 4767">
    <p class='ocr_par' dir='ltr' id='par_1_7' title="bbox 0 0 1403 4767">
     <span class='ocr_line' id='line_1_37' title="bbox 0 0 1403 4767; baseline 0 0"><span class='ocrx_word' id='word_1_297' title='bbox 0 0 1403 4767; x_wconf 95' lang='lat' dir='ltr'> </span> 
     </span>
    </p>
   </div>
  </div>
 </body>
</html>
