2792 4767
568 208 783 272 -62-

139 378 172 440 ίκ
193 374 250 459 ,(τὲ
276 376 343 437 add.
366 378 417 457 R.)
450 377 600 460 φρατρίας
632 377 754 438 ἀνωθεν
785 375 882 449 ὄντας.
928 375 1125 453 Καλλίμαχος
1161 376 1217 434 οὐκ

142 481 307 565 ἀναγράφει
339 481 446 562 (Bentl.
471 481 636 564 ἀναγράφω
658 483 737 564 cod.)
760 483 813 543 τὸν
834 483 964 550 πάππον,
1007 483 1097 541 Recte
1118 499 1217 539 emen·

140 588 223 648 desse
245 587 330 647 oredo
346 587 507 648 Bentleium
530 588 695 671 ἀναγράφει
717 591 752 647 of.
775 588 863 648 schol,
888 590 942 651 Av.
968 594 1038 660 303,
1053 591 1124 660 304,
1143 592 1215 658 884,

145 697 233 757 1181.
278 691 425 765 Schmidt,
455 693 524 753 Did.
557 700 628 761 294.
673 695 744 754 Hes.
768 693 919 765 Πάππος·
951 733 989 740 -
1021 690 1160 770 σημαίνει
1183 687 1218 749 ἀὲ

140 795 190 858 καὶ
213 795 316 876 ἀρνίου
338 791 424 870 εἶδος.

225 901 366 964 Aelianus
393 905 429 964 N.
453 904 490 963 A.
514 907 559 965 III
582 911 620 967 30
648 904 717 963 hiuo
745 902 869 964 πάππον
891 922 974 963 auem
996 903 1152 983 sumpsisse
1175 906 1219 960 ui-

141 1007 235 1067 detur.

227 1236 301 1295 105.
324 1235 395 1320 Eut
428 1232 512 1290 Phot.
537 1231 646 1315 (Suid.)
678 1233 927 1315 Παραιξορουσον
957 1229 1064 1313 (πάρεξ
1093 1229 1222 1312 ὄρουσαν

142 1339 233 1400 Mein.
264 1338 337 1414 frag.
368 1356 440 1400 com.
471 1340 501 1398 II
535 1345 623 1412 1157,
656 1337 874 1420 παρεξάρουσον
906 1338 1012 1400 Bernh.
1043 1336 1080 1395 ad
1109 1335 1221 1416 snio).

146 1439 364 1523 Ἀριστοφάνης
389 1444 596 1522 Ταγηνισταῖς.
647 1441 819 1505 Ἀπίάωκαν
848 1441 881 1504 δὲ
908 1441 935 1503 οἳ
954 1440 1009 1521 μὲν
1031 1441 1153 1512 παιδιᾶς
1176 1434 1222 1500 εἶ·

143 1548 195 1619 δός
217 1569 256 1607 τι.
301 1545 471 1628 Εὐφρόνιος
500 1544 532 1607 δι’
561 1551 774 1630 παροιμιωάῶς
800 1548 942 1630 λέγεσθαι
965 1548 1011 1609 ἐπὶ
1036 1555 1096 1608 τῶν
1118 1568 1223 1634 παρα-

143 1649 342 1730 κελευομένων
356 1647 470 1729 ταχίως
485 1652 565 1730 ἣκειν
580 1650 598 1732 ἢ
614 1654 874 1716 ἀπαλλάττεσθαι.
891 1656 933 1716 of.
947 1653 1076 1734 Apostol.
1089 1655 1165 1716 XIII
1180 1657 1221 1713 87

144 1756 208 1839 (ubi
231 1756 373 1838 ἀφρόνως
394 1758 510 1839 exstat).

231 2007 304 2065 106.
328 2002 455 2065 L.*Er.
492 2002 587 2063 SohoI.
600 2004 758 2084 Vesp.91.
790 2003 868 2065 Οὐδὲ
891 2001 1108 2081 πασπάλην.
1137 1997 1225 2061 Ἀντί

145 2116 199 2168 τοῦ
228 2105 297 2167 οὐδὲ
324 2109 436 2188 βραχύ.
480 2109 568 2190 Πρὸς
589 2108 781 2191 Λυκόφρονα
804 2108 845 2190 (λε’,
876 2108 922 2169 ὅτι
945 2108 1123 2190 ἀδιορίστως
1144 2104 1225 2166 ἀπί-

145 2212 240 2273 άωκεν
262 2211 419 2290 ἐλάχιστόν
440 2236 479 2273 τι.
528 2211 614 2286 Τινὲς
640 2213 676 2274 ἀί
697 2237 805 2296 φασιν,
829 2215 875 2275 ὅτι
897 2214 1068 2295 μαγνίτηνὲ
1097 2208 1227 2292 κίγχρον

146 2317 307 2394 πασπάλην
329 2317 413 2397 φασί.

233 2421 319 2480 Phot.
342 2420 509 2501 Πασπάλη.
549 2423 594 2482 Τὸ
615 2422 714 2501 τυχόν.
765 2420 803 2485 Οἱ
826 2421 858 2483 δὲ
879 2420 1010 2504 κέγχρον.
1060 2419 1098 2483 Οἱ
1127 2419 1160 2481 δὲ
1184 2423 1228 2481 τὰ

147 2525 285 2607 κάγχρινα
304 2527 424 2607 ἄλευρα.
472 2524 639 2602 Ἱππῶναξ·
663 2528 904 2610 πασπαληφάγον
925 2528 1065 2611 γράμφιν.

234 2634 310 2692 Hes.
334 2633 499 2714 Πασπάληι
538 2636 582 2695 Τὸ
605 2635 705 2714 τυχόν.
753 2633 790 2696 Οἱ
820 2633 852 2695 δι’
875 2633 1006 2716 κέγχρον.
1046 2628 1088 2693 Ἢ
1110 2634 1229 2713 άλευρα

148 2738 282 2819 κρίθινα.

234 2841 307 2904 Ibid.
333 2840 480 2928 Πάλη[ν].
502 2834 640 2925 ’Ἀλιυρα
665 2846 729 2905 Καὶ
752 2845 872 2916 σποδός.
906 2846 950 2905 Τὸ
965 2842 1147 2904 λεπτότατον
1168 2853 1231 2903 τοῦ

151 2946 287 3028 ἀλεύρου.
332 2948 446 3010 OfiEt.
468 2949 510 3008 M.
535 2956 673 3024 661‚11.
697 2959 768 3024 650,
788 2960 816 3016 4.
860 2950 942 3010 Eust.
968 2956 1038 3021 898,
1057 2955 1084 3010 8.
1129 2946 1230 3029 Πάλη

151 3050 184 3113 δὲ
218 3052 328 3135 κυρίως
358 3054 435 3113 κατὰ
465 3051 578 3114 Λίλιον
610 3055 769 3118 Διονύσιον
802 3054 984 3116 λεπτότατον
1016 3055 1141 3133 ἄλευρον
1172 3055 1228 3113 καὶ
1333 3087 1334 3090 =

150 3159 256 3241 τέφρα.
306 3158 499 3241 Φερεκράτης
510 3149 606 3244 ’Ἰπνφ
621 3160 633 3243 Η
654 3158 819 3241 Άνίπλησα
841 3162 1024 3243 τώφθαλμὼ
1046 3160 1142 3239 πάλης
1164 3182 1229 3241 φυ-

152 3273 213 3326 σῶν
233 3263 269 3323 τὸ
290 3272 350 3343 πῦρ
372 3264 444 3342 frag.
466 3286 538 3325 eom.
562 3268 593 3326 ΙΙ
616 3266 708 3348 27911.

237 3367 371 3429 Eundem
393 3369 616 3449 Lycophronem
644 3371 756 3432 redolet
776 3372 864 3431 schol.
890 3373 966 3433 Nub.
992 3378 1051 3434 262
1074 3368 1230 3452 Παιπάλη

151 3474 321 3557 γενήσομαι.
346 3464 463 3555 ’Ήγουν
478 3477 729 3556 ἀφανισθήσομαι
752 3476 801 3536 καὶ
823 3478 863 3548 είς
886 3475 971 3537 οὐδὲν
993 3474 1084 3537 ἔλθω.
1112 3475 1150 3537 Θ.
1179 3477 1227 3537 cf.

152 3581 242 3642 Piers.
255 3581 293 3640 ad
303 3581 395 3641 Moer.
410 3588 480 3644 330.
505 3583 629 3656 Curtius,
643 3582 789 3645 Grundz.⁸
803 3589 839 3644 27
850 3591 874 3647 l.
896 3582 1035 3656 Schmidt,
1044 3581 1111 3642 Did.
1123 3588 1161 3644 53
1170 3581 1227 3665 12).
1277 3663 1280 3669 .

153 3772 362 3782 ——--.--.

240 3898 275 3964 Ῑ9)
292 3903 366 3965 Quae
384 3904 520 3968 disputato
537 3909 598 3955 sunt
615 3905 647 3955 de
665 3905 842 3955 PIsistratidis
861 3904 1093 3969 seh01.Vesp.502
1112 3904 1143 3953 ef.
1162 3904 1229 3967 Lys.

154 3991 213 4044 619.
231 3990 282 4056 Rq.
301 3993 359 4043 449.
378 3991 472 4042 Bernh.
491 3992 557 4058 frag.
569 3992 647 4043 XVII
668 3993 702 4043 ad
714 3992 898 4044 Eratosthenis
917 3991 1144 4058 chronographica
1162 3992 1230 4044 rofe-

153 4080 236 4132 renda
254 4096 313 4132 esse
330 4081 453 4134 uidentur
471 4082 503 4131 of.
521 4082 618 4132 Mfillor
636 4086 696 4146 post
713 4082 811 4132 Herod.
830 4081 920 4132 Didot.
940 4097 965 4146 p.
984 4082 1042 4133 2⁰⁰.
