2792 4767
476 257 537 280 .-
581 223 707 284 11-

57 394 132 470 frag.
159 401 208 463 77,
241 389 320 470 quod
349 392 481 471 quamuis
510 392 630 465 falsum,
660 412 727 451 cum
755 391 864 470 aliquid
894 394 1023 451 ueritatis
1053 396 1083 451 in
1105 412 1137 453 se

59 499 175 570 habeat,
199 496 237 555 de
258 516 309 556 suo
330 516 462 575 promere
483 518 543 556 non
564 506 686 576 poterat.

147 605 226 663 Num
236 604 340 661 notitia
350 622 445 661 rerum
454 603 634 681 publicarum
642 602 1134 675 Atticarumtaminstructusfuerit,

61 730 150 789 quam
171 708 243 785 frag.
258 715 308 779 40,
323 713 361 769 64
386 706 538 766 ostendere
554 707 699 780 uidentur,
716 709 782 765 sciri
796 708 912 784 nequit,
934 715 1048 785 poterat
1061 707 1137 765 hanc

61 811 221 873 doctrinam
242 832 280 872 ex
302 815 371 892 ipsis
393 811 499 870 fabulis
521 812 678 890 collegisse,
701 810 780 891 quod
798 811 886 871 abeo
901 812 1008 871 factum
1024 831 1085 871 esse
1100 831 1137 871 ex

60 919 141 979 falsis
150 917 292 977 eiusmodi
303 916 544 997 explicationibus
554 918 636 975 uelut
646 918 717 993 frag.
727 921 870 990 65,103,1
879 923 916 978 16
929 916 1085 975 uerisimile
1094 916 1135 974 fit.

147 1023 205 1084 Sed
234 1043 293 1082 nou
322 1023 414 1081 solum
444 1041 479 1081 ea
506 1022 685 1102 proferebat,
716 1040 791 1100 quae
819 1020 857 1079 ad
878 1021 1041 1081 comoedias
1061 1023 1137 1082 bene

60 1127 273 1206 intellegendas
294 1129 358 1186 usui
379 1134 483 1198 essent,
507 1125 559 1186 sed
581 1129 667 1186 etiam
689 1126 831 1187 derebus
849 1146 928 1186 mere
945 1130 1137 1203 grammaticis

59 1237 109 1295 hic
131 1236 191 1294 illic
212 1232 378 1312 disputabat
409 1231 458 1311 (cf.
481 1231 553 1308 frag.
579 1232 643 1314 57).
686 1232 834 1310 Singulari
864 1241 960 1290 autem
990 1232 1138 1309 diligentia
1181 1218 1185 1223 ’

61 1341 200 1400 dialectos
219 1339 355 1397 Doricam
378 1346 407 1395 et
428 1339 554 1395 Atticam
576 1356 757 1415 comparasse
777 1337 892 1397 uidetur
915 1337 1000 1418 (frag.
1012 1346 1060 1411 31,
1072 1338 1135 1419 67),

61 1454 95 1504 ut
116 1448 209 1525 poetis
224 1444 338 1502 Doricis
360 1444 508 1519 egregium
530 1441 657 1500 studium
679 1441 792 1502 dederit
811 1462 927 1502 necesse
942 1446 988 1502 sit.
1025 1442 1138 1518 Quodsi

62 1549 228 1610 consideras
257 1547 481 1627 Aristophanem
513 1548 603 1606 lexeis
632 1547 744 1606 Atticas
775 1556 805 1606 et
832 1550 989 1608 Laconicas
1020 1552 1137 1628 proprio

62 1655 161 1714 libello
190 1656 383 1734 composuisse
416 1653 532 1735 (Nauck
562 1675 590 1731 p.
620 1653 702 1732 181),
726 1656 756 1711 in
785 1664 921 1733 promptu
952 1663 995 1713 est
1025 1656 1137 1733 opinari

62 1761 117 1819 hoc
145 1780 236 1836 genus
265 1759 425 1818 studiorum
454 1779 472 1817 a
498 1761 634 1834 magistro
663 1759 828 1817 incohatum
857 1760 1015 1838 perfectum
1037 1779 1138 1818 essea

61 1868 170 1924 maiore
191 1865 340 1945 discipulo.

148 1970 232 2047 Quae
251 1992 316 2029 cum
338 1973 379 2029 ita
400 1972 458 2029 sint
479 1990 544 2027 oum
566 1968 764 2048 Euphronius
788 1989 963 2048 quamquam
986 1971 1016 2026 in
1038 1967 1138 2047 pleris-

62 2097 121 2154 que
143 2076 265 2135 multum
287 2079 310 2135 si
335 2075 559 2154 Lycophronem
581 2093 730 2152 comparas
751 2074 881 2152 profecit,
905 2083 1001 2131 tamen
1022 2075 1053 2130 in
1074 2072 1138 2130 aliis

62 2186 179 2259 egregie
200 2182 298 2261 lapsus
320 2182 372 2252 sit,
400 2180 506 2238 factum
529 2188 587 2250 est,
618 2188 650 2238 ut
671 2198 709 2237 ne
730 2182 757 2237 ei
779 2178 897 2257 quidem
918 2178 1015 2237 acerbi
1036 2176 1138 2237 aduer-

62 2285 131 2341 sarii
153 2281 295 2341 deessent.
333 2283 464 2359 Quorum
485 2286 620 2363 princeps
642 2291 685 2341 est
701 2283 890 2348 Callistratus.
914 2286 965 2363 qui
987 2305 1051 2342 cum
1073 2302 1137 2362 per-

62 2407 149 2466 saepe
170 2407 235 2446 cum
250 2388 420 2468 Euphronio
442 2392 641 2466 coniungatur,
663 2392 735 2467 quin
757 2389 835 2447 illius
856 2390 963 2449 librum
984 2388 1139 2466 diligenter

62 2494 166 2569 legerit
186 2492 312 2552 dubitari
334 2514 393 2553 non
407 2503 517 2574 potest,
541 2495 591 2553 sed
607 2515 783 2573 quamquam
796 2496 936 2574 plurimos
950 2498 1011 2554 eius
1027 2514 1137 2554 errores

61 2599 247 2678 perstrinxit,
279 2609 376 2658 tamen
398 2599 491 2659 lenius
513 2603 543 2660 in
564 2603 732 2676 magistrum
755 2600 960 2680 Aristophanis
981 2602 1074 2676 egisse
1094 2601 1136 2657 ui-

61 2703 154 2776 detur,
178 2701 321 2782 siquidem
343 2726 492 2784 nunquam
515 2714 573 2764 tam
593 2709 721 2782 grauiter
740 2708 771 2764 in
798 2725 862 2764 eum
878 2705 1033 2777 inuehitur,
1049 2724 1138 2782 quam

62 2808 272 2867 Eratosthenes
300 2812 330 2867 in
353 2809 592 2889 Lycophronem,
624 2819 657 2869 ut
686 2813 772 2869 etiam
801 2809 1048 2870 autoschediasma
1077 2811 1138 2869 eius

62 2935 147 2973 suurn
175 2914 275 2973 fecerit
302 2914 373 2991 frag.
401 2921 468 2976 102.
513 2915 608 2975 Multo
638 2914 781 2975 difficilior
808 2914 991 2974 aduersarius
1020 2918 1047 2974 ei
1077 2924 1138 2973 erat

61 3018 208 3097 Didymus
235 3007 312 3099 ipse,
335 3022 481 3079 acerrimis
509 3019 606 3079 uerbis
634 3020 716 3079 uelut
743 3029 833 3081 τοῦτο
860 3018 916 3098 μὲν
946 3015 998 3080 οὖν
1024 3020 1139 3096 ψεῦδος

60 3124 134 3201 frag.
155 3132 204 3189 94.
253 3127 352 3184 Τοῦτο
372 3125 488 3203 μήποτε
512 3121 700 3203 inpediuntur
722 3127 793 3203 frag.
820 3133 868 3190 71.
908 3123 1083 3206 Ἀμάρτυρα
1106 3122 1138 3184 dr*

60 3226 223 3310 ἀμφότερα
246 3229 317 3307 frag.
334 3237 401 3292 116.
418 3231 472 3290 οὐκ
494 3227 557 3291 ἔστι
579 3228 612 3291 δὲ
634 3233 706 3308 frag.
721 3238 769 3294 65.
789 3232 842 3298 οὐκ
864 3224 898 3290 εὖ
919 3233 991 3307 frag,
1009 3236 1048 3294 84
1072 3250 1138 3289 eum

58 3326 268 3415 perstringens,
284 3355 360 3414 quae
381 3357 405 3406 a,
419 3335 549 3415 Didymo
572 3340 634 3416 ipso
655 3338 785 3416 profecta
805 3356 867 3396 esse
888 3340 918 3395 in
940 3337 1012 3412 frag.
1030 3342 1078 3407 94,
1096 3342 1134 3396 65

60 3462 111 3520 pro
145 3448 223 3499 certo
251 3440 387 3500 affirmari
417 3450 521 3520 potest.
564 3441 622 3501 Sed
651 3462 689 3500 ue
711 3442 872 3521 Didymum
899 3440 1017 3521 quidem
1039 3459 1138 3499 omues

60 3546 227 3626 Euphrouii
249 3546 465 3622 obseruationes
486 3548 618 3605 reiecisse
639 3555 761 3625 apparet
783 3567 819 3605 ex
841 3548 913 3623 frag.
928 3552 976 3619 78,
994 3545 1044 3604 ubi
1058 3544 1138 3624 quod
1207 3539 1209 3542 ’

62 3651 209 3731 Didymus
231 3654 346 3711 incaute
366 3654 522 3732 arripuisse
538 3651 661 3725 uidetur,
684 3652 901 3731 aSymmacho,
920 3671 1006 3731 quem
1020 3650 1138 3730 quidem

63 3760 195 3816 notitiam
216 3756 382 3836 Euphronii
410 3777 463 3837 per
492 3757 585 3816 solum
607 3756 768 3836 Didymum
797 3758 934 3817 habuisse
963 3756 1138 3816 credendum

65 3869 123 3933 est,
154 3864 196 3920 ita
216 3865 369 3941 respuitur,
392 3873 425 3921 111
446 3864 635 3943 Euphronius
663 3865 727 3943 ipse
750 3864 839 3922 falsae
860 3861 1008 3921 doctrinae
1029 3871 1136 3944 auctor,

64 3985 123 4023 non
137 3964 282 4044 Didymus
304 3971 460 4046 castigetur
481 3968 626 4048 (Schmidt
639 3991 667 4048 p.
683 3968 766 4051 295).
800 3968 829 4027 A
844 3967 950 4047 quibus
963 3968 1027 4026 aliis
1043 3987 1137 4042 grem·

63 4073 176 4130 maticis
212 4072 375 4151 Euphrouii
414 4073 488 4132 liber
526 4075 617 4133 lectus
651 4076 688 4133 sit
725 4083 801 4132 certo
840 4071 991 4133 diiudicari
1027 4073 1136 4149 nequit.
