2792 4767
655 205 870 270 „20-

226 390 349 460 apparet
368 378 451 438 illum
473 377 674 437 Eratosthenis
696 377 917 455 explicationem
943 381 1022 437 uocis
1042 375 1330 460 βαλανειόμφαλοι

227 486 368 565 inopere
389 507 421 543 rr.
443 504 471 547 κ.
494 489 656 543 exstantem
676 481 836 541 accuratius
858 480 1023 543 definiuisse
1050 480 1160 564 (Hiller
1180 500 1211 558 p.
1238 479 1324 559 74),

229 587 323 666 Quod
338 586 483 668 quomodo
503 586 547 647 ad
561 587 689 646 Hermae
707 588 973 667 interpretationem
994 591 1137 669 pertineat
1157 585 1232 644 mihi
1258 584 1324 643 ob·

228 714 343 755 scuram
366 704 431 754 ests
461 692 597 752 Eundem
619 691 805 751 Timarchum
827 695 999 753 comicorum
1020 701 1216 753 enarratorem
1238 710 1323 770 pro-

228 798 272 858 dit
294 800 365 862 Hes.
394 819 416 858 s.
439 818 467 858 v.
497 799 627 876 όμυοτις
657 795 742 875 (frag
769 795 831 878 10).
875 797 962 858 Adde
990 798 1069 878 quod
1091 800 1143 858 uix
1164 794 1323 857 credibile

229 915 273 964 est
301 903 431 983 epyllion
460 903 533 963 illud
561 902 763 964 Eratosthenis
791 912 928 982 quattuor
955 904 1004 963 uel
1029 903 1161 984 pluribus
1182 900 1274 961 libris
1298 922 1322 960 a

229 1010 588 1091 Timarchoexplicatum
615 1026 686 1068 esse
730 1008 867 1068 Fortasse
891 1011 980 1087 igitur
1000 1012 1124 1069 remita
1144 1007 1230 1067 nohis
1253 1007 1319 1066 fin-

230 1135 299 1193 gere
320 1114 467 1191 debemus,
490 1125 524 1176 ut
544 1123 703 1175 statuamus
724 1114 912 1173 Timarchum
932 1113 972 1173 ad
993 1114 1194 1173 Eratosthenis
1216 1132 1320 1193 opera
1362 1101 1363 1131 ¹

230 1224 448 1281 commentarios
468 1224 626 1301 scripsisse,
649 1221 709 1300 qui,
728 1239 793 1278 cum
815 1219 944 1280 Hermae
967 1222 1109 1297 insignem
1131 1219 1226 1279 locum
1249 1228 1317 1279 tra·

231 1326 349 1401 derent,
381 1326 450 1386 inde
483 1326 612 1386 breuiter
637 1323 704 1405 περὶ
740 1331 795 1384 τοῦ
820 1320 934 1406 Ἑρμοῦ
967 1324 1105 1405 appellati
1139 1327 1213 1397 aint3
1249 1328 1318 1384 nisi

229 1433 305 1491 forte
321 1434 413 1512 turpis
435 1432 580 1492 Athenaei
602 1450 682 1490 error
702 1429 914 1507 intellegendus
937 1440 987 1489 est.
1032 1428 1092 1506 Qui
1114 1429 1234 1510 quidem
1255 1431 1318 1489 Ti.

230 1538 364 1598 marchus
391 1540 457 1617 quis
481 1537 569 1596 fuerit
589 1538 694 1595 nescio.
740 1536 770 1595 Si
792 1545 871 1594 recte
891 1533 1072 1595 contendunt
1093 1555 1159 1595 eum
1181 1534 1318 1596 eundem

231 1659 293 1710 esse
313 1639 618 1723 atqueTimachidam
633 1640 780 1699 Rhodium
797 1642 900 1721 (Mein.
917 1641 1002 1700 Anal.
1017 1641 1066 1700 Al.
1086 1650 1132 1713 11,
1148 1649 1173 1704 1.
1210 1642 1319 1701 Hiller

231 1771 260 1827 p.
275 1738 331 1821 74,
345 1747 387 1830 2),
411 1747 552 1806 nonnulla
572 1766 610 1807 ex
630 1745 706 1806 libro
728 1750 790 1806 eius
811 1750 842 1806 in
863 1748 979 1807 scholiis
1000 1746 1150 1806 habemus.

272 1919 275 1922 ,
305 1851 397 1914 -Idem
415 1853 581 1912 --Athenaei
616 1852 708 1911 locus
731 1851 820 1911 alium
854 1853 1054 1913 Eratosthenis
1089 1850 1317 1930 compilatorem

230 1959 335 2040 prodit.
385 2001 388 2007 «
413 1974 418 2011 ἱ
527 1974 530 1979 ·

230 2104 282 2162 Er.
312 2109 373 2162 τῶν
401 2100 458 2182 γὰρ
486 2103 604 2181 φιαλῶν
626 2097 653 2160 oi
675 2100 733 2178 ὀμ·
804 2097 875 2160 tte*
890 2097 1073 2180 Μυρλεανός
1085 2095 1317 2179 Ἀσκληπιάδης

232 2197 322 2290 palei
351 2206 405 2265 ιιαὶ
434 2213 495 2276 τῶν
515 2205 684 2283 βαλανείων
707 2202 734 2265 oi
804 2203 835 2265 ἐν
856 2204 999 2286 τοῖςπερὶ
1013 2203 1170 2286 Κρατίνου
1189 2207 1316 2285 »βαλα-

233 2311 322 2373 θόλοι
344 2308 505 2392 παρόμοιοι
695 2291 719 2384 ,⁵
804 2308 978 2391 νειόμφαλοι
1011 2307 1161 2391 λέγονται,
1199 2307 1246 2369 ὅτι
1280 2305 1315 2371 οἶ

673 2421 675 2425 ’
727 2419 731 2427 '
803 2413 934 2495 ὀμφαλοὶ
951 2415 1052 2474 αὐτῶν
1067 2414 1117 2474 καὶ
1131 2421 1193 2475 τῶν
1206 2417 1313 2492 βαλα-

681 2604 683 2608 ,
804 2524 889 2585 νειίον
922 2521 948 2584 oi
978 2523 1067 2585 θόλοι
1095 2524 1195 2603 ὅμοιοί
1212 2524 1308 2585 siurac

233 2697 271 2757 ad
306 2696 428 2757 uerbum
464 2700 658 2777 transscripsit
693 2693 882 2774 Asclepiades
917 2661 1088 2774 'Mprleanus
1124 2696 1204 2778 (hist.
1243 2700 1310 2756 crit.

235 2825 263 2881 p.
283 2802 333 2885 12)
356 2803 587 2863 Eratosthenem.
624 2801 704 2880 Apte
724 2801 812 2877 igitur
834 2800 940 2859 Bemh.
961 2821 990 2878 p.
1004 2806 1063 2862 207
1085 2800 1310 2860 Eratosthenem

235 2908 265 2966 et
286 2905 487 2985 Asclepiadem
512 2903 667 2986 componit,
690 2905 834 2985 siquidem
854 2926 892 2966 ex
913 2905 1086 2986 Asclepiade
1107 2906 1310 2967 Eratosthenis

236 3011 459 3090 disputationem
482 3014 633 3074 restituere
652 3010 729 3070 licet
763 3010 831 3086 Qua
851 3010 969 3090 quidem
992 3031 1025 3071 re
1045 3011 1229 3071 confirmatur
1246 3015 1309 3093 opi-
1360 3015 1361 3048 r

236 3119 285 3177 nio
306 3116 509 3176 Eratosthenis
531 3118 739 3176 onomasticum
767 3138 826 3177 non
847 3117 1057 3195 seiungendum
1079 3136 1142 3175 esse
1162 3117 1199 3176 ab
1221 3137 1309 3197 opere

236 3247 268 3286 rr.
291 3245 318 3282 κ.
363 3222 462 3281 Minus
483 3221 658 3282 benenolum
679 3222 801 3292 iudicem
823 3221 1022 3282 Aristarchum
1048 3225 1073 3283 si
1098 3224 1214 3282 incertis
1234 3224 1306 3284 inda

238 3330 288 3386 ciis
310 3326 453 3387 confidere
473 3329 517 3387 fas
540 3337 583 3386 est
604 3335 705 3385 nactus
725 3346 788 3387 esse
808 3326 924 3387 uidetur
946 3328 1030 3410 (frag.
1048 3334 1113 3401 136,
1131 3327 1195 3410 52).
1229 3330 1307 3391 Num

237 3454 255 3491 a
276 3432 439 3513 Tryphone
460 3432 551 3491 lectus
572 3435 610 3491 sit
632 3429 752 3491 dubium
774 3440 818 3491 est
838 3431 922 3513 (frag.
939 3431 1001 3514 52),
1025 3434 1193 3494 Ciceronem
1214 3438 1308 3512 operis

237 3561 270 3602 π.
300 3561 329 3602 κ.
358 3540 491 3597 notitiam
520 3536 656 3596 habuisse
684 3538 876 3614 intellegimus
904 3558 942 3597 ex
970 3539 1042 3616 frag.
1067 3544 1117 3612 48,
1147 3538 1306 3600 Varronem

239 3642 507 3725 (Tyrannionemil
529 3662 567 3701 ex
587 3641 790 3702 absentatione
808 3641 846 3701 de
867 3642 1032 3702 accentibus
1047 3642 1090 3724 (p.
1107 3641 1168 3723 14),
1190 3642 1306 3722 Apollo·

239 3752 320 3808 nium
334 3750 460 3829 Tyrium
477 3768 513 3808 ex
527 3750 599 3825 frag.
614 3752 682 3810 132.
717 3748 820 3825 Longe
832 3758 929 3807 autem
942 3751 1097 3808 maximam
1111 3748 1306 3808 Eratostheni-

238 3874 337 3915 corum
358 3856 470 3934 copiam
492 3874 510 3911 a
531 3851 660 3931 Didymo
682 3861 825 3911 seruatam
848 3873 911 3913 esse
931 3853 1107 3913 Schmidtius
1130 3853 1171 3933 (p.
1190 3859 1227 3914 42
1245 3872 1303 3934 seq.

238 3983 267 4039 p.
292 3958 368 4040 292)
387 3958 617 4021 demonstrauit.
665 3957 736 4017 Post
768 3959 854 4019 huius
887 3961 943 4019 uiri
975 3968 1098 4018 aetatem
1131 3959 1234 4018 lectum
1263 3969 1307 4019 est

239 4084 311 4145 opus
339 4087 373 4128 ιι.
396 4086 424 4128 κ.
446 4085 468 4124 ιι
488 4062 689 4139 *Quintiliano
713 4062 797 4144 (frag.
825 4064 906 4147 124).
952 4064 1057 4123 Pollux
1079 4065 1111 4123 X
1138 4072 1150 4126 1
1183 4063 1249 4123 dicit
1273 4084 1305 4125 se
