2792 4767
580 256 793 319 -41-

233 427 286 485 56.
312 422 390 486 *Em
433 423 529 485 Schol.
553 425 643 504 Vesp.
668 431 740 487 544.
775 424 1041 507 Θαλλοφάροι.
1086 424 1136 488 Ἐν
1158 434 1221 499 τοῖς

142 527 360 608 ὑπομνήμασιν
382 527 461 591 οὕτω
475 529 648 613 γέγραπται.
688 528 889 612 Θαλλοφάροι,
901 530 968 591 άντὶ
984 541 1038 591 τοῦ
1052 530 1192 613 ε’ργάται·
1206 531 1218 615 ΙΙ

148 633 273 695 Θαλλάν
294 631 328 693 τ’
352 633 480 717 έρίφοισι
502 645 630 718 φορῆναι
654 633 776 715 (odyss.
793 657 811 716 ρ
827 637 913 719 224.)
927 634 951 721 ΙΙ.
966 670 1009 681 -
1024 636 1167 719 Εὐχερεῖς
1188 636 1224 697 δέ

142 738 205 801 εἰσι
240 740 307 822 περὶ
344 732 386 800 ὧν
420 738 515 821 μηδὲν
551 738 637 820 ἔσχον
673 742 765 801 εἰπεῖν
805 739 899 823 σαφὲς
932 741 1220 821 αὐτοσχεδιάζοντες.
1340 776 1343 782 ·

149 844 369 927 Θαλλοφάρους
403 846 461 928 γὰρ
497 843 555 929 έφη
590 845 773 926 βουλόμενος
808 848 878 918 τοὺς
909 845 1049 929 γε’ροντας
1078 847 1220 927 δηλῶσαι,

145 949 251 1029 ἐπειδὴ
287 948 318 1011 έν
353 958 418 1023 τοῖς
439 952 673 1032 Παναθηναίοις
705 949 733 1011 οῖ
767 950 901 1033 γέροντες
936 954 1071 1024 θαλλοὺς
1107 950 1222 1031 ἔγοντες

142 1054 325 1134 ἐπόμπευον.
357 1052 410 1129 Ὡς
428 1051 480 1117 οὖν
503 1057 544 1130 είς
565 1055 651 1118 οὐδὲν
671 1055 766 1119 άντων
787 1056 943 1139 χρησίμων
965 1059 1065 1118 αὐτῶν
1087 1055 1147 1132 ἕξω
1168 1067 1222 1119 τοῦ

143 1163 352 1244 θαλλοφορεῖν
371 1162 466 1235 οδταις
485 1164 594 1234 αὐτοὺς
615 1160 799 1240 ἐπέσκωψεν.
830 1185 857 1223 κ.
870 1184 897 1223 τ.
909 1165 936 1222 λ.
974 1163 1018 1226 Of.
1040 1187 1071 1243 p.
1098 1172 1146 1227 10.
1173 1172 1220 1238 11,

234 1409 286 1468 57.
309 1410 368 1469 Eu.
411 1406 509 1468 Schol.
531 1408 619 1488 Vesp.
644 1414 715 1475 696.
752 1408 814 1468 Τδν
836 1411 932 1469 θῖνα
956 1406 1124 1491 ταράττεις.
1168 1404 1221 1469 Ἐκ

142 1512 252 1590 βυθοῦ
272 1531 310 1588 με
334 1519 432 1583 κινεῖς.
474 1509 554 1574 Ἀντί
582 1521 636 1573 τοῦ
657 1513 712 1592 τὴν
733 1513 869 1596 καρδίαν,
893 1513 1040 1595 (παρόσον
1059 1513 1109 1573 καὶ
1130 1513 1147 1574 ὁ
1168 1514 1223 1586 θὶς

145 1614 179 1675 ἓν
208 1614 303 1692 βάθει
326 1626 381 1677 τοῦ
402 1618 548 1699 πελάγους
570 1626 665 1678 κεῖται
688 1619 738 1678 καὶ
760 1601 804 1679 τὸΙ
817 1619 951 1697 θυμικὸν
974 1619 1004 1680 ἓν
1025 1625 1064 1701 τῇ
1086 1618 1220 1704 καρδίη).

144 1719 317 1803 Εὐφρόνιος
338 1720 371 1783 δέ
393 1724 442 1784 καὶ
464 1723 695 1804 σεσημειῶσθαί
715 1745 815 1805 φησιν,
836 1724 881 1785 δτι
904 1724 957 1784 τὸν
969 1727 1046 1784 θῖνα
1060 1725 1222 1806 ἀρσενικῶς

146 1828 191 1898 ὡς
217 1825 266 1886 καὶ
292 1819 425 1909 Ὅμηρος
454 1824 578 1909 εἴρηκεν.
625 1828 736 1889 Eodem
765 1828 851 1889 modo
873 1829 993 1889 Blauius
1014 1852 1044 1909 p.
1069 1837 1108 1892 75
1132 1830 1222 1889 uerba

144 1934 334 2013 transposuit.

233 2037 329 2100 Schol.
350 2037 391 2097 Jl.
415 2037 444 2096 A
465 2043 515 2105 34.
563 2038 608 2098 Τὸ
629 2036 662 2097 δέ
683 2041 760 2098 θῖνα
782 2046 835 2097 νῦν
854 2036 911 2116 μέν
931 2040 1075 2117 θηλυκῶς
1096 2034 1222 2118 εἴρηται,

146 2140 265 2204 ἔστιδὲ
287 2142 524 2223 καῖάρσενικάν,
555 2142 597 2214 ὡς
623 2142 658 2202 τὸ
680 2141 824 2221 ἐκβάντες
849 2140 896 2202 ε’πὶ
918 2144 994 2203 θῖνα
1016 2141 1132 2218 βαθύν.
1177 2142 1221 2202 Of.

144 2249 237 2313 schol.
266 2248 299 2308 Ψ
318 2254 389 2312 693.

233 2351 317 2414 Eus't.
343 2358 433 2424 1³90,
451 2359 501 2416 50.
539 2350 651 2425 Αἴλιος
679 2351 713 2413 δέ
742 2352 901 2425 Διονύσιος
926 2351 1242 2435 παρασημειοάμενάς

145 2482 214 2520 τινα
237 2459 318 2531 ὅπως
339 2459 418 2520 κατὰ
438 2455 506 2539 γένη
528 2456 743 2541 προφέρονται,
767 2460 858 2541 φησὶν
880 2458 975 2520 οὕτω·
998 2496 1041 2505 -
1060 2460 1224 2541 ἀρσενικῶς

137 2564 181 2626 ’δὲ
202 2565 219 2626 δ
237 2573 321 2644 χοῶς,
343 2564 360 2625 δ
383 2562 500 2646 ὄροφος,
524 2563 540 2623 δ
562 2564 625 2635 θίς.
649 2603 689 2611 -
710 2564 811 2644 Δῆλον
832 2562 866 2625 δὲ
886 2565 931 2625 ὅτι
958 2562 1104 2636 Ἀττικῶς
1125 2572 1223 2624 ταῦτα

145 2668 257 2747 πάντα,
280 2666 341 2730 ἐπεὶ
364 2669 413 2729 καὶ
431 2666 583 2740 Ἀττικαῖς
605 2666 717 2741 λέξεσιν
738 2669 754 2729 δ
775 2664 882 2751 ῥηθεὶς
896 2669 1055 2739 Διονύσιος
1075 2665 1222 2749 ἔπεξέρχε·

145 2799 209 2837 ται.
253 2775 296 2835 cf.
321 2776 392 2835 Hes.
415 2796 438 2836 s.
459 2796 485 2833 v.
510 2773 573 2838 θίν.
610 2775 660 2834 Et.
682 2775 725 2833 M.
749 2782 821 2848 450,
839 2782 887 2839 34.
923 2772 1029 2832 Amad.
1051 2795 1080 2854 p.
1108 2778 1176 2847 125,
1198 2781 1222 2836 1.

135 3016 144 3028 ”
233 3044 287 3103 58.
312 3038 385 3101 *ιιι
423 3039 519 3098 schol.
540 3039 617 3098 Plut„
643 3044 705 3103 290
728 3037 902 3120 (suia.)‚-
919 3035 1078 3108 οσσεσιι
1100 3035 1153 3095 τοι
1175 3034 1222 3094 οι-

145 3145 382 3229 θυραμβοποιὸν
410 3143 428 3224 ἢ
457 3141 777 3227 τραγῳδοδιδάσκαλον
799 3144 950 3225 διασάρει,
981 3143 1013 3213 ὃς
1035 3138 1149 3222 έγραψε
1171 3139 1223 3199 τδν

148 3250 246 3335 ἴραιτα
275 3259 328 3311 τοῦ
354 3251 525 3322 Κύκλωπος
553 3249 606 3309 τὸν
631 3247 678 3308 {a}
708 3255 747 3331 τῇ
773 3251 803 3307 Γ
800 3248 936 3335 αλατείρι.
980 3240 1060 3309 Εἶτα
1090 3244 1223 3327 κιθάρας

146 3352 221 3437 ἦχον
253 3356 437 3435 μιμούμενος
469 3356 500 3416 ἐν
533 3357 576 3439 τῷ
610 3352 822 3437 συγγράμματι
855 3353 945 3415 τοῦτό
973 3375 1045 3435 φησι
1075 3353 1111 3413 τὸ
1140 3348 1223 3435 ῥῆμα

146 3461 413 3544 θρεττανελά·
437 3461 520 3539 -ἡ
548 3460 606 3541 γὰρ
633 3458 751 3540 κιθάρα
780 3457 945 3541 κροαομένη
973 3468 1107 3519 τοιοῦτον
1134 3456 1223 3536 μέλος

146 3575 229 3628 ποιεῖ
249 3566 433 3649 θρεττανελὸ
454 3564 652 3648 θρεττανελά.
693 3564 894 3645 Comparanda
915 3574 959 3624 est
976 3565 1047 3624 haec
1069 3564 1222 3645 explicatio

146 3694 214 3732 eum
243 3674 315 3750 frag.
344 3679 412 3739 136.
457 3673 578 3732 Auctori
610 3671 696 3730 huius
726 3670 839 3748 glossae
868 3670 991 3731 debetur
1017 3673 1104 3729 etiam
1133 3669 1222 3729 schol.

145 3777 225 3838 Plut.
249 3783 320 3840 298.

123 4005 135 4024 ⁸
234 4008 288 4067 59.
310 4002 385 4069 *En
419 4000 804 4083 Schol.Av.556(Suid.).
841 3998 1222 4084 Ἶερδνπάλεμον.-

147 4110 199 4173 Ἐν
232 4107 318 4181 ένίοις
350 4117 411 4170 τῶν
432 4107 657 4189 ὑπομνημάτων
685 4114 784 4167 ταῦτα
819 4105 950 4188 λέγεται·
985 4104 1064 4187 ἱερὸν
1093 4104 1223 4183 πόλεμον
