2792 4767
686 266 901 330 ‚13-

259 447 340 508 1294
371 440 427 513 eL,
457 437 510 499 sed
538 446 618 498 certa
645 439 672 496 ei
702 436 830 496 tribuere
850 436 927 495 uelle
948 438 1061 496 irritum
1083 443 1134 495 est
1179 434 1252 494 (inm
1277 433 1340 494 hoc

255 544 344 610 modo
365 547 428 625 ipse
450 543 487 603 de
509 544 681 603 comicorum
703 541 863 602 rationibus
884 561 954 628 uere
972 540 1122 614 iudicaret,
1145 539 1258 599 efficere
1272 548 1340 599 etu-

253 650 352 724 debat,
372 657 405 710 ut
432 650 520 710 etiam
548 647 677 725 legentes
707 666 782 726 quae
803 649 856 714 ‚uis
882 650 913 707 in
934 646 1055 724 singulis
1076 644 1341 725 compositionibus

255 755 452 835 omnibusque
471 754 582 813 facetiis
602 754 708 812 inesset
727 751 927 829 intellegerent
944 762 973 811 et
987 751 1124 811 iudicium
1144 750 1260 823 ferrent,
1282 771 1342 811 an·

255 859 454 922 notationibus
475 859 558 919 uelut
582 858 654 935 frag.
679 862 718 920 25
748 856 790 929 εἷς
817 856 853 917 τὸ
882 851 959 930 εἶδος
983 858 1036 917 οὐκ
1065 855 1234 939 ἀρρύθμως
1259 857 1342 916 παί-

169 1025 171 1030 .
255 965 375 1041 ζονται,
405 966 477 1042 frag.
505 970 561 1025 111
591 965 829 1044 παρεταμολογεῖ
846 963 899 1022 τὸν
921 960 1014 1023 πόκον
1035 963 1071 1023 οὐ
1092 969 1202 1033 κακῶς.
1246 963 1343 1023 Talia

137 1105 140 1111 ·
256 1068 364 1130 indicia
385 1070 573 1129 inueniuntur
594 1071 625 1127 in
646 1068 762 1127 scholiis
783 1070 943 1142 innumera,
965 1066 1017 1127 sed
1037 1088 1076 1126 ne
1097 1069 1127 1126 in
1148 1067 1193 1126 his
1212 1066 1341 1146 quidem

256 1173 330 1255 quid
351 1194 370 1233 a
391 1193 509 1253 quoqne
531 1181 695 1233 enarratore
716 1172 860 1254 prolatum
881 1176 919 1233 sit
938 1171 1150 1231 diiudicaueris.

344 1280 407 1339 Iam
436 1281 461 1340 si
490 1279 639 1358 quaeritur
668 1298 740 1358 quas
769 1280 949 1359 potissimum
970 1279 1215 1357 interpretationis
1235 1288 1342 1358 partes

257 1386 440 1458 creauerit,
470 1385 512 1443 nil
534 1386 652 1443 omnino
674 1385 804 1443 omisisse
824 1383 948 1443 uidetur.
993 1384 1030 1443 ln
1051 1383 1200 1443 historiam
1221 1403 1342 1446 comoe-

259 1488 328 1550 diae
348 1489 386 1574 ab
408 1509 442 1549 eo
465 1492 505 1549 ita
526 1491 696 1568 inquisitum
718 1508 789 1563 esse,
818 1498 852 1548 ut
879 1487 917 1547 ad
939 1491 1016 1569 ipsos
1037 1488 1140 1560 fontes,
1164 1486 1343 1550 didascalice

258 1603 291 1656 et
311 1595 472 1669 historicos,
496 1594 643 1654 recederet
663 1614 751 1673 supra
772 1592 906 1654 uidimus.
944 1592 1057 1658 Eodem
1072 1591 1157 1652 modo
1172 1591 1210 1651 de
1223 1593 1343 1675 reliqua

260 1701 382 1760 historia
410 1701 572 1762 litterarum
599 1701 784 1777 grauissimus
811 1708 912 1759 auctor
940 1707 1001 1759 erat
1037 1698 1122 1780 (frag
1153 1705 1221 1772 101,
1243 1701 1343 1784 toa),

261 1824 360 1884 neque
388 1825 449 1866 non
473 1805 511 1865 de
538 1805 625 1866 rebus
654 1806 743 1883 gestis
765 1803 942 1865 Graecorum
963 1813 997 1863 ut
1017 1808 1069 1883 qui
1090 1805 1344 1886 chronographica

260 1913 466 1991 conscripserit
485 1910 571 1992 (frag.
585 1918 634 1984 59,
650 1918 698 1984 70,
715 1910 799 1993 119).
841 1910 940 1970 Minus
961 1910 1083 1970 feliciter
1103 1929 1150 1970 res
1171 1912 1199 1968 ei
1220 1915 1346 1973 cessisse

263 2016 381 2078 uidetur
411 2018 441 2076 in
470 2015 556 2076 rebus
578 2015 683 2074 Atticis
713 2014 900 2096 explicandis,
931 2023 964 2075 ut
983 2015 1112 2089 Polemo,
1143 2014 1270 2093 diligens
1296 2019 1346 2078 ille

262 2124 417 2203 periegeta,
441 2123 472 2180 in
493 2120 569 2180 libro
585 2121 653 2203 περὶ
675 2128 731 2199 τῆς
745 2116 912 2202 Ἀθήνησιν
925 2117 1164 2203 Ἐρατοσθένους
1180 2117 1347 2200 ἐπιδημίας

263 2225 368 2306 (schol.
392 2225 448 2284 Av.
466 2233 512 2287 11.
536 2226 573 2284 al.
597 2227 632 2285 cf.
656 2227 775 2299 Preller,
797 2228 907 2288 Polam.
930 2250 960 2306 p.
985 2232 1034 2299 85,
1060 2225 1168 2284 Bernh.
1190 2248 1220 2304 p.
1245 2226 1280 2306 4)
1308 2231 1346 2288 io

264 2350 334 2390 cans
357 2350 422 2389 eum
444 2329 569 2388 Athenis
598 2329 702 2390 studiis
730 2331 888 2392 litterarum
917 2341 976 2390 tam
998 2330 1153 2409 diligenter
1173 2350 1205 2390 se
1226 2330 1347 2393 dedisse

266 2434 389 2508 diceret,
421 2442 455 2494 ut
483 2435 616 2495 Athenae
648 2435 751 2494 urbem
783 2437 835 2493 uix
867 2436 979 2496 uideret
1005 2440 1041 2496 cf.
1071 2436 1167 2497 strab.
1197 2440 1213 2498 I
1246 2458 1276 2514 p·
1313 2446 1346 2500 15

265 2529 356 2601 ’Ἐστι
385 2538 404 2599 δ
409 2534 419 2557 ’
442 2536 458 2597 ὁ
487 2534 709 2622 ’Ἐρατοσθένης
730 2530 804 2600 ots‘
830 2539 924 2613 οὕτως
946 2540 1234 2624 εὐκατατρόχαστος,
1266 2540 1348 2604 ὥστε

265 2641 343 2725 μηδ’
371 2639 507 2723 Ἀθήνας
537 2645 629 2706 αὐτὸν
658 2644 733 2706 ἰδεῖν
763 2644 898 2726 φάσκειν,
928 2645 1001 2729 ὅπερ
1022 2643 1173 2725 Πολέμων
1203 2645 1350 2731 ἐπιχειρεῖ

268 2749 437 2826 δεικνύναι,
471 2746 534 2809 οὔτ’
565 2748 613 2810 ἐπὶ
642 2759 785 2811 τοσοῦτον
812 2749 933 2828 πιστός,
967 2749 1015 2833 ἐφ’
1045 2750 1115 2813 ὅσον
1142 2749 1349 2835 repeterent

269 2878 357 2927 τινες.
392 2854 452 2931 Qui
474 2864 570 2914 autem
592 2875 704 2915 errores
725 2859 787 2916 eius
809 2860 839 2918 in
854 2859 909 2918 hoc
922 2878 1030 2936 genere
1044 2859 1151 2918 luerint
1164 2879 1201 2917 ex
1215 2859 1292 2936 frag.
1313 2867 1349 2923 811

268 2964 410 3041 suspicari
439 2981 598 3041 possumus,
629 2983 688 3041 quo
718 2965 781 3042 ipso
806 2983 924 3043 quoque
945 2963 1070 3024 dilucide
1092 2964 1253 3023 ostenditur
1274 2966 1360 3026 Era¹¹

269 3067 434 3126 tosthenem
464 3086 511 3126 res
539 3067 652 3125 Atticas
680 3056 777 3148 magis
801 3073 976 3148 percurrisse
1003 3090 1091 3148 quam
1119 3078 1254 3128 accurate
1283 3092 1351 3151 per·

271 3181 430 3234 scrutatum
452 3191 524 3231 esse.
568 3170 625 3230 Sed
654 3193 830 3253 quamquam
860 3174 938 3235 haud
967 3196 1059 3255 pauca
1088 3177 1233 3255 periegeta
1258 3177 1295 3235 in
1322 3199 1352 3238 eo

271 3276 513 3358 reprehendenda
541 3278 686 3337 inuenisse
714 3278 840 3350 uidetur,
869 3300 935 3339 curn
964 3280 1040 3338 illius
1063 3282 1158 3359 operis
1179 3280 1253 3339 alter
1275 3280 1355 3342 liber

272 3385 415 3443 excitetur
437 3381 523 3463 (frag.
538 3383 602 3466 42),
624 3393 721 3443 tamen
744 3385 835 3443 multa
855 3393 932 3444 recte
954 3385 1098 3466 explicata
1120 3395 1202 3444 erant
1219 3384 1313 3466 (frag.
1330 3396 1355 3459 3,

274 3496 326 3563 91,
354 3487 437 3570 132).
482 3488 591 3548 Contra
618 3492 712 3549 omnis
742 3490 805 3549 laus
835 3492 861 3549 ci
890 3490 1044 3550 tribuenda
1071 3500 1115 3550 est
1141 3493 1170 3549 in
1192 3490 1356 3554 uerborum

274 3596 524 3674 interpretatione,
546 3595 626 3654 cuius
649 3596 679 3653 in
701 3598 816 3655 comicis
837 3596 939 3656 studiis
961 3599 1080 3674 insignis
1101 3605 1145 3655 est
1158 3596 1247 3656 loeus.
1284 3597 1357 3677 Quo

275 3702 306 3759 in
334 3718 441 3777 genere
472 3719 537 3758 cum
567 3699 709 3761 uocabula
737 3700 898 3762 cotidianae
925 3704 1003 3761 uitae
1024 3704 1198 3762 onomastico
1221 3705 1282 3761 iam
1308 3726 1357 3767 ex·

276 3806 435 3886 posuisset,
464 3803 502 3863 ad
530 3807 658 3883 singulas
687 3806 848 3867 comoedias
876 3808 1004 3868 restabat
1028 3816 1061 3867 ut
1081 3828 1167 3868 uoces
1187 3829 1279 3883 raras,
1309 3814 1359 3874 ob·

275 3910 392 3984 solatas,
425 3909 543 3970 ficticias
576 3914 607 3970 in
639 3911 704 3971 luce
730 3922 860 3993 poneret.
903 3915 972 3974 Non
999 3923 1094 3973 autem
1124 3916 1193 3973 satis
1224 3913 1361 3979 habebat

276 4037 356 4077 more
377 4015 651 4097 glossographorum
677 4017 749 4097 quid
776 4017 891 4095 singula
911 4019 1105 4096 significarent
1127 4028 1280 4094 annotare,
1310 4023 1361 4086 sed
