2792 4767
551 212 762 275 ..60-

117 383 185 441 Ροο.
222 387 292 445 778.
337 382 426 462 Vesp.
462 386 551 443 1502.
596 383 669 441 Ran.
706 385 754 443 86.
788 381 825 439 al.
882 382 930 439 Ex
962 381 1068 462 quibus
1100 381 1197 441 multa

118 488 282 568 Euphronii
304 506 366 547 esse
387 494 516 566 apparet.

204 705 276 761 100.
309 701 363 761 Er.
407 697 502 757 Schol.
540 697 617 755 Plut.
653 703 723 758 797.
781 698 835 758 Οὐ
870 698 941 779 γὰρ
978 698 1194 778 πρεπῶδες.

117 792 275 886 ’Έμφασις
306 811 362 864 τοῦ
388 800 630 885 Ἀριστοφανείου
663 799 833 882 προσώπου.
878 800 913 865 Ὁ
942 801 975 863 δὲ
1006 802 1090 884 λόγος
1118 803 1197 883 πρός

119 910 190 980 τοὺς
223 906 410 987 ἀντιτέχνους
442 909 517 989 πρὸς
544 906 721 989 διασυρμόν,
752 907 784 969 οἳ
809 908 859 968 διὰ
889 908 942 968 τὸν
971 901 1071 969 αὐδῶν
1100 907 1196 986 βόλον

120 1014 245 1094 (Hemst.
269 1021 331 1073 τῶν
353 1051 393 1060 -
415 1013 532 1092 όβόλων
552 1016 628 1097 οοδ.)
651 1014 812 1095 ἐπειρῶντο
833 1014 886 1074 τδν
907 1013 1004 1092 δῆμον
1026 1014 1100 1095 πρδς
1120 1009 1195 1074 δαυ-

120 1119 190 1189 τοδς
211 1116 339 1199 ίπάγειν.
384 1121 448 1181 Καί
479 1117 510 1180 ἐν
538 1127 601 1192 τοῖς
623 1119 738 1202 Σφηξὶν
760 1120 829 1202 (58)
858 1119 1042 1196 ε’σεμνάνετο,
1069 1120 1115 1179 ὅτι
1138 1121 1196 1180 οὐκ

120 1220 182 1284 ἔστι
205 1215 277 1305 παρ’
303 1227 386 1308 αὐτῷ
403 1223 414 1309 11
435 1226 513 1286 Οίίτε
528 1223 625 1307 κάρυα
641 1225 674 1285 ίκ
697 1224 843 1307 φορμίδος
864 1224 964 1286 δοῦλοι
987 1224 1197 1306 δίαρίπτοντες

118 1336 182 1400 τοῖς
214 1328 379 1407 θεωμένοις
410 1329 513 1411 (Vesp.
537 1337 576 1395 58
605 1331 703 1392 δούλω
731 1331 982 1412 διαρριπτοῦντε).
1007 1330 1018 1412 11
1047 1330 1195 1391 Φαίνεται

119 1433 221 1513 μέντοι
250 1436 286 1495 τό
307 1443 442 1497 τοιοῦτον
464 1437 499 1495 οὐ
520 1435 570 1495 διά
593 1444 654 1496 τῶν
672 1445 820 1517 χορηγῶν,
844 1437 919 1497 άλλὰ
941 1430 983 1496 δι’
1010 1437 1110 1497 αὐτῶν
1130 1443 1198 1496 τῶν

119 1539 310 1603 διδασκάλων
342 1540 505 1622 γινόμενον,
542 1542 584 1613 ὡς
616 1538 838 1624 Ἐρατοσθένης
870 1540 1094 1620 ἐπισημαίνεται
1129 1541 1197 1622 (διὰ

119 1653 181 1706 τῶν
202 1667 267 1727 χορ.
290 1644 431 1726 γενέσθαι
454 1639 523 1706 ἀλλ’
547 1649 581 1708 οὐ
603 1637 664 1707 δι’·
678 1647 796 1728 Dobr.).
842 1647 885 1707 cf.
903 1647 1004 1735 ὶ851101.
1027 1647 1117 1725 Vesp.
1143 1652 1197 1712 58.

161 1857 234 1914 101.
256 1856 310 1914 Er.
349 1852 444 1913 Schol.
461 1854 538 1914 Nub.
559 1861 618 1917 967
654 1851 658 1949 1
734 1843 849 1925 ’Άλλως
868 1852 936 1934 (om.
954 1854 990 1912 V.
1009 1854 1058 1932 11.)
1086 1851 1197 1924 Οὕτως

120 1957 444 2041 (ὃαίδ.)Παλλάδα.
464 1950 620 2047 Άρχὴξίσ-
654 1964 657 2053 1
690 1956 921 2040 Ἐρατοσθένης.
966 1958 1115 2041 Φρύνιχος
1136 1959 1197 2018 αὐ-

118 2087 214 2144 ματος
234 2064 395 2146 Φρυνίχου.
417 2062 471 2137 Ὡς
492 2063 539 2148 (δὲ
552 2065 619 2125 αδδ.
655 2058 658 2165 1
691 2074 745 2125 τοῦ
777 2065 845 2145 (leg.
870 2064 974 2146 αὐτὸς)
1003 2064 1111 2124 τούτου
1139 2073 1199 2123 τοῦ

120 2170 241 2252 Bergk.)
276 2166 498 2250 Ἐρατοσθένης
537 2172 621 2252 φησί,

121 2277 206 2356 (άσμ.
222 2274 313 2356 φησίν
329 2275 369 2346 ὡς
383 2272 445 2357 Ἐρ,
467 2277 561 2356 Φρυν,
579 2277 621 2359 V)

125 2379 274 2461 Φρύνιχος
290 2377 347 2459 [δὲ]
364 2381 458 2440 αὐτοῦ
474 2381 541 2462 (leg.
566 2383 622 2442 αό-

119 2474 621 2572 τδς)τούτουτοῦάσματοςγινηγιο·

118 2590 252 2663 νεόετὼς
263 2590 508 2674 Λαμπροκλέους
519 2590 604 2664 ὄντος
613 2615 620 2629 ·

119 2694 192 2779 (ἔχει
214 2695 246 2758 δί
268 2697 363 2769 οὕτως
384 2696 474 2778 addo)
498 2697 509 2779 11
531 2699 620 2757 Παλ-

119 2800 198 2862 λάδα
219 2800 395 2885 περσέπολιν
414 2797 622 2884 (περσίπτολιν

45 2972 46 2976 ,
118 2907 209 2988 RV.)
220 2953 226 2966 .
238 2953 244 2967 .
256 2902 403 2992 ...κλῄζω
417 2906 621 2985 πολεμαδόκον

120 3013 274 3096 (πολεμοδ.
296 3014 337 3094 V)
368 3012 468 3095 άγνάν,
495 3015 499 3093 1
526 3013 620 3074 παΐδα

119 3119 194 3192 Διὸς
203 3119 334 3203 μεγάλου
345 3117 552 3201 (δαμάσιππον
562 3140 618 3178 om.

117 3227 154 3285 V.
170 3225 221 3307 R.)
238 3225 262 3290 '!.

691 2160 825 2256 ᾅσματος
852 2168 1001 2248 μέμνηται
1031 2169 1071 2240 ὡς
1093 2168 1197 2245 Λαμ-

691 2274 852 2356 προκλέους
871 2275 964 2350 ὄντος,
980 2284 1034 2335 τοῦ
1050 2274 1199 2347 Μίδωνος

690 2379 757 2442 υίοῦ
792 2378 811 2460 ἢ
842 2384 997 2461 μαθητοῦ.
1041 2371 1127 2459 ’Έχει
1161 2379 1199 2442 δὲ

691 2486 787 2559 οὕτως
809 2484 820 2570 11
847 2485 999 2547 Παλλάδα
1018 2483 1199 2568 περσέπολιν

691 2589 898 2672 (περσέπτολιν
920 2591 997 2671 cod.)
1013 2591 1112 2652 δεινὰν
1130 2593 1199 2673 (ην

690 2697 768 2779 cod.)
792 2698 866 2758 θεὸν
887 2697 1094 2779 ίγρεκάδοιμον
1113 2702 1118 2771 1
1138 2720 1198 2756 πο-

691 2797 822 2889 τικλῄζω
844 2803 1049 2881 πολεμαδόκον
1071 2801 1174 2883 άγνάν,
1192 2803 1196 2889 1

690 2909 785 2969 παῖδά
802 2909 877 2981 Διὸς
895 2908 1026 2989 μεγάλου
1041 2905 1197 2985 δαμάσιπ-

689 3038 746 3076 πον
770 3013 871 3097 11,κα1
901 3014 952 3095 (τά
981 3014 1046 3073 add.
1070 3015 1198 3097 Bernh.)

689 3120 768 3179 κατὰ
789 3116 1002 3200 Λαμπροκλέα
1027 3118 1197 3198 ὑποτίθησι

689 3226 767 3285 κατὰ
789 3226 873 3298 λέξιν.
909 3225 1023 3307 (δεινὰν
1051 3259 1092 3269 -
1123 3247 1195 3285 ποτι

120 3330 175 3390 del.
198 3329 313 3412 Dind.).
344 3330 418 3390 Sunt
448 3329 504 3388 duo
533 3332 680 3415 uersionqs
703 3331 831 3391 eiusdem
860 3331 975 3407 scholii3
1010 3331 1075 3391 ideo
1098 3352 1198 3394 errare

118 3434 234 3495 uidetur
248 3434 354 3513 Bergk.
378 3436 460 3494 Poet.
484 3436 557 3514 Lyr.
580 3436 643 3495 ΙΙΙ4
665 3459 694 3517 p.
720 3443 791 3509 555,
814 3439 984 3517 prooemium
1006 3439 1139 3495 carminis
1163 3441 1197 3497 in

117 3544 215 3622 priore
234 3540 343 3600 scholio
366 3551 510 3601 seruatum
532 3540 710 3620 Phrynicho,
732 3540 856 3601 altemm
866 3541 1032 3622 Lamproeli
1052 3542 1195 3602 tribuens.

119 3648 175 3706 Est
202 3656 356 3725 utrumque
382 3645 569 3725 Lamproclis.
615 3647 658 3707 cf.
689 3646 777 3706 schol.
807 3646 928 3707 Aristid.
955 3656 1024 3706 tom.
1051 3650 1097 3708 Ill
1122 3654 1195 3714 537.

11 3813 24 3830 ,
120 3754 247 3825 Cramer,
269 3748 381 3832 Anecd.
406 3749 460 3811 Ox.
486 3752 533 3810 111
558 3758 627 3817 353.
672 3753 780 3812 Bornh.
805 3752 875 3831 frag.
899 3752 985 3812 XIV.

206 3963 285 4021 102.
308 3958 366 4019 m.
411 3956 506 4017 schol.
538 3957 615 4017 Plut.
648 3963 718 4020 385.
743 3996 782 4005 -
813 3948 935 4029 Ἄλλως.
981 3955 1197 4037 Πάμφιλον

118 4062 174 4145 μὲν
189 4062 419 4143 Καλλίστρατος
440 4061 489 4121 καί
513 4061 683 4144 Εὐφρόνιος
704 4062 879 4145 τραγῳδιῶν
900 4062 1026 4142 ποιητήν
1048 4083 1122 4143 φασι
1142 4063 1195 4122 καί
