2792 4767
560 240 775 305 ..57-

216 417 274 474 92.
295 414 348 475 Er.
392 411 500 471 Athen.
524 416 555 474 ΙΙ
577 418 615 473 41
634 409 661 470 (1.
685 446 727 454 -
751 407 905 489 Ἀθηναῖοι
927 408 961 470 δὲ
980 410 1206 494 μετάκερας

125 521 256 578 καλοῦσι
285 516 321 577 τὸ
345 511 481 594 χλιαρόν,
509 513 550 585 ὡς
566 505 791 596 Ἐρατοσθένης
813 515 904 596 φησίν
926 513 1038 601 [ὑδαρῆ
1060 518 1133 598 φησὶ
1155 518 1205 578 καὶ

125 618 322 705 μετάκερας].
366 617 632 682 Ibid.111123‹1.
670 620 715 680 T6
742 618 775 680 δὲ
799 621 926 702 χλιαρόν
946 620 1029 702 ὕδωρ
1052 619 1206 701 Ἀθηναῖοι

126 727 301 808 μετάκερας
321 727 472 799 καλοῦσιν,
496 723 537 795 ὡς
558 723 697 807 Σώφιλος
719 725 749 785 ἐν
765 719 951 808 Ἀνδροκλεῖ,
981 723 1091 801 Ἄλεξις
1117 726 1153 789 δ’
1177 727 1207 788 ἓν

128 834 335 915 Λοκροῖς-
356 829 406 890 καὶ
435 829 581 908 Φιλήμων
602 829 632 890 ἓν
653 830 829 916 Κορινθίᾳ,
851 820 965 914 ’Άμφις
991 824 1020 893 δ’
1047 833 1078 895 ίν
1100 836 1206 895 Βαλα-

130 938 211 1021 νείῳ.
255 940 324 999 Non
352 934 439 996 credo
468 934 626 995 Schmidtio
656 934 738 1015 (Did.
763 958 791 1015 p.
818 936 871 1019 57)
901 940 997 998 omnia
1023 939 1095 999 haee
1123 943 1206 998 teeti-

113 1090 117 1097 .
130 1046 230 1104 monia
252 1063 289 1102 ex
302 1040 496 1103 Eratosthene
516 1040 651 1116 fluxiss03
674 1051 719 1101 est
737 1040 817 1101 loeus
831 1041 868 1100 ad
883 1041 1054 1121 Philyllium
1069 1045 1105 1103 ef.
1121 1044 1205 1103 Phot.

132 1147 327 1228 Μετάκερας.
361 1147 405 1207 Τὸ
421 1147 565 1227 εὔκρατον
579 1143 600 1224 ’ή
613 1146 649 1207 τὸ
663 1144 789 1227 χλιαρόν
812 1145 946 1228 (ψυχρόν
966 1147 1058 1229 εστὶ).
1093 1150 1207 1210 Φιλόλ-

133 1257 206 1326 λιος.
229 1255 300 1313 Hes.
325 1251 517 1332 Μετάκερας.
552 1251 596 1310 T6
618 1251 763 1332 ιόκρατον
783 1250 867 1330 ὕδωρ
888 1248 908 1330 ἢ
926 1251 1062 1334 χλιαρόν.
1098 1255 1207 1315 Bernh.

131 1359 203 1436 frag.
227 1360 298 1418 LII.
341 1356 673 1435 Fmg.com.11866.

217 1575 272 1633 93.
295 1573 349 1633 Er.
393 1570 534 1649 Harpoer.
563 1576 632 1643 126,
656 1576 705 1631 22.
751 1571 985 1641 Μεταλλεῖς.
1029 1569 1155 1643 Λυσίας
1176 1571 1208 1631 ἓν

132 1679 176 1759 τῷ
205 1675 280 1757 πρδς
309 1674 463 1755 Λιοχάρη,
495 1673 519 1735 εἰ
546 1674 674 1757 γνήσιος.
725 1672 763 1735 Οἳ
784 1673 919 1753 μέταλλα
941 1673 1129 1756 ἐργαζόμενοι
1151 1699 1206 1755 με·

132 1784 251 1853 ταλλεῖς
279 1779 484 1858 ὀνομάζονται.
519 1773 609 1841 ’Ἐστι
639 1779 673 1841 δὲ
701 1781 751 1840 καὶ
774 1781 877 1863 δρᾶμα
905 1780 1113 1861 Φερεκράτους
1135 1784 1206 1842 Με-

132 1890 268 1961 ταλλεῖς,
299 1884 371 1969 ὅπερ
399 1884 578 1966 Νικόμαχόν
607 1907 680 1967 φησι
710 1883 901 1965 πεποιηκέναι
931 1882 1154 1966 Ἐρατοσθένης
1176 1887 1207 1947 ἓν

132 1988 255 2075 ἑβδόμῳ
277 1991 344 2072 περὶ
367 1998 421 2070 τῆς
446 1990 575 2071 ἀρχαίας
595 1991 766 2073 κωμῳδίας.
804 1992 847 2051 of.
870 1990 942 2067 frag.
967 1997 1017 2052 46.

219 2209 275 2266 94.
298 2205 357 2265 Eu.
394 2200 490 2261 schol.
506 2200 561 2259 Av.
579 2207 637 2263 997
658 2199 766 2281 (said.)
791 2202 835 2261 M
838 2198 932 2261 ίτων
952 2203 1073 2282 δίριστος
1095 2202 1206 2283 ἀστρο-

131 2307 223 2387 νόμος
252 2307 302 2366 καὶ
331 2303 510 2388 γεωμέτρης.
556 2304 672 2365 Τοότου
696 2304 776 2365 ἐστὶν
803 2306 819 2366 6
849 2305 984 2379 ἐνιαυτὸς
1013 2306 1029 2366 6
1052 2306 1207 2388 λεγόμενος

132 2411 291 2483 Μέτωνος.
344 2411 423 2491 Φησὶ
454 2408 487 2471 δὲ
515 2410 748 2493 Καλλίστρατος
777 2410 808 2472 ἕν
837 2415 972 2496 Κολωνῷ
999 2412 1149 2493 ἀνάθημά
1177 2435 1207 2472 τι

132 2514 209 2581 εἶναι
237 2520 335 2579 αὐτοῦ.
358 2514 579 2597 άστρολογικόν.
624 2515 794 2597 Εὐφρόνιος
823 2516 856 2577 δὲ
885 2518 931 2578 ὅτι
959 2527 1021 2578 τῶν
1043 2519 1148 2597 δήμων
1170 2513 1208 2599 ήν

132 2626 164 2687 ἐκ
187 2626 344 2686 Κολωνοῦ.
391 2626 489 2682 Τοῦτο
509 2619 565 2699 μίν
586 2614 638 2681 οὖν
661 2622 698 2700 (V
720 2619 753 2681 δι’
774 2622 840 2703 rel.)
870 2623 992 2700 ψεῦδος.
1043 2621 1208 2705 Φιλόχορος

132 2733 191 2813 γὰρ
213 2726 389 2791 Λευκονοία
420 2726 493 2807 φησὶ
524 2725 625 2790 αὐτόν.
674 2725 719 2785 T6
745 2723 779 2786 δὲ
799 2735 855 2789 τοῦ
875 2725 1110 2807 Καλλιστράτου
1131 2728 1207 2808 άδη-

132 2841 185 2898 λον
207 2835 376 2918 (Φίλοωον.
400 2833 491 2911 δῆλον
512 2832 600 2913 ασελ).
636 2822 728 2902 ’Ίσως
749 2832 806 2915 γὰρ
827 2827 865 2911 ήν
886 2855 915 2893 τι
938 2834 988 2893 καὶ
1009 2831 1040 2892 ἐν
1053 2833 1206 2916 Κολωνῷ·

133 2943 148 3003 6
170 2939 204 3002 δὲ
231 2938 396 3021 Φιλόχορος
418 2938 449 2998 ἓν
469 2939 606 3020 Κολωνῷ
626 2935 683 3015 μὲν
705 2938 797 2998 αὐτὸν
819 2936 1026 3011 οδδὲνθιῖναι
1048 2937 1134 3020 λέγει,
1160 2938 1206 2998 ἐπὶ

138 3044 305 3124 Ἀψεάδους
334 3043 367 3105 δι’
395 3043 462 3124 (τοῦ
489 3043 555 3102 αδδ
578 3043 683 3125 Dind.)
707 3044 765 3126 πρὸ
793 3041 991 3124 Πυθοδώρου
1018 3043 1208 3124 ἡλιοτρόπιον

134 3152 165 3212 ἓν
198 3159 236 3234 τῇ
266 3160 318 3211 νῦν
346 3150 420 3231 οίίσῃ
449 3148 589 3235 ε’κκλησίρ
618 3149 692 3231 πρὸς
721 3151 765 3231 τῷ
795 3148 884 3227 τείχει
914 3149 957 3230 τῷ
984 3146 1016 3207 ἓν
1036 3155 1075 3231 τῇ
1096 3149 1206 3210 Πνυκί.

75 3258 84 3280 “
133 3257 266 3336 Μήποτε
289 3250 341 3316 οὖν
363 3255 398 3315 τδ
416 3254 538 3335 χωρίον,
562 3253 640 3335 φασί
658 3276 746 3328 τινες,
769 3253 862 3313 ἐκεῖνο
884 3235 989 3336 πᾶνῷ
1017 3253 1207 3336 περιλαμβά-

135 3384 217 3421 νεται
247 3360 354 3443 (Dobr.
378 3358 478 3419 ἐπάνω
507 3363 683 3440 παραλαμβ.
706 3359 786 3438 libr.)
820 3359 869 3419 καὶ
899 3360 919 3438 ή
946 3360 1033 3431 Πνάξ
1064 3357 1209 3431 Κολωνός

134 3464 214 3525 ἔστιν
236 3466 252 3526 6
276 3464 383 3547 ἕτερος,
406 3467 422 3526 6
443 3467 570 3544 μίσθιος
592 3466 725 3546 (Meum,
746 3464 862 3541 μισθός
881 3464 959 3547 eod.)
979 3463 1145 3545 λεγόμενος,
1172 3458 1209 3526 οὗ

134 3572 275 3654 (Sauppe,
300 3571 395 3643 οὕτως
422 3572 500 3654 cod.)
529 3569 620 3654 μέρος
647 3593 676 3631 τι
708 3579 761 3629 νῦν
792 3569 924 3649 σόνηθες
952 3568 1049 3651 γέγονε
1079 3568 1129 3656 [τὸ
1150 3571 1207 3631 del.

133 3676 264 3761 Sauppe]
285 3677 432 3739 Κολωνόν
453 3681 554 3737 καλεῖν
576 3677 611 3737 τδ
633 3675 762 3737 όπισθεν
779 3682 834 3753 τῆς
846 3683 966 3755 μακρᾶς
980 3684 1078 3746 στοᾶς.
1100 3673 1105 3760 Ι
1128 3669 1207 3737 Ἀλλ’

135 3785 188 3843 οὐκ
217 3781 298 3845 ἔστι·
328 3784 451 3862 Μελίτη
478 3784 536 3864 γὰρ
565 3782 646 3842 ἅπαν
674 3781 777 3857 ἐκεῖνο,
807 3779 848 3850 ὡς
870 3779 900 3839 ἓν
922 3787 985 3851 τοῖς
1006 3780 1141 3859 ὁρισμοῖς
1159 3779 1208 3863 γί-

134 3910 266 3971 ηραπται
289 3896 344 3966 τής
364 3887 487 3960 πόλεως.
518 3878 610 3960 Ἴσως
631 3886 664 3948 δι’
686 3886 718 3946 ἓν
738 3888 874 3969 Κολωνῷ
896 3886 1008 3968 κρήνην
1030 3886 1097 3945 τινά
1118 3908 1207 3946 κατε-

134 3993 319 4057 σκευάσατο·
343 3995 416 4076 φησὶ
438 4003 510 4075 γοῦν
532 3994 663 4075 (Wilem.
688 3993 780 4073 φησὶν
799 3992 815 4051 6
837 3990 916 4074 cod.)
937 3991 1086 4070 Φρύνιχος
1101 3992 1208 4051 Μονο-

134 4099 239 4181 τρόπῳ
255 4098 267 4182 ΙΙ
286 4099 341 4170 Τίς
362 4094 395 4161 δ’
423 4098 504 4160 ἔστιν
524 4099 539 4159 6
560 4098 638 4178 μετὰ
660 4088 758 4159 ταῦθ’
784 4097 895 4177 (ταῦτα
910 4094 989 4155 Suid.
1013 4102 1111 4153 ταῦτα
1133 4095 1207 4154 ταά-
