2792 4767
654 212 868 277 ,36-

225 384 279 456 τὰς
300 385 459 466 στρατείας
481 382 537 464 (εἰς
559 383 613 455 τὰς
634 382 779 463 στρατιάς
797 383 835 463 R)
858 382 909 442 διὰ
931 383 965 443 τδ
987 384 1160 464 εὐχρηστεῖν
1177 382 1320 463 (Bemh.

225 490 389 573 εὔχρηστον
410 488 488 570 cod.)
518 489 557 548 τὰ
579 487 627 569 (τὸ
648 489 691 570 V)
720 488 795 570 πρὸς
822 488 937 570 τροφὰς
959 486 1113 569 φέροντας,
1136 495 1230 548 τοῦτο
1255 482 1322 547 οὖν

225 594 300 676 λέγει
323 595 387 672 ὅτι,
418 594 491 655 όταν
512 592 635 674 γένηταί
653 614 699 665 τις
722 592 825 672 καιρύς
853 590 994 672 πολέμου,
1017 590 1147 674 ἐμιιορον
1168 591 1319 671 ἐμαυτὸν

226 701 378 764 ἀποκαλῶ.

310 804 406 865 Sehol.
419 805 497 865 Eccl.
515 811 592 868 1027
598 855 605 871 .
629 796 794 886 ’Ἐμπορος
824 803 1062 886 Προφασίσομαι
1074 796 1149 862 εἶναι
1161 800 1315 885 ἐμιτορος,

227 910 269 982 ὡς
289 909 336 970 ἐπὶ
359 904 598 985 κινδυνευόντων,
621 907 721 987 ἐπειδὴ
742 909 796 969 οὐκ
817 907 1030 991 ἐστρατεύοντο
1051 906 1079 969 οἱ
1101 905 1237 991 έμσοροι.

311 1162 366 1222 41.
388 1161 448 1219 Eu.
489 1156 538 1214 Ε1.
555 1156 596 1214 Μ.
623 1161 692 1229 340,
711 1162 738 1221 3.
770 1151 987 1237 Ἐνερημός.
1028 1155 1072 1215 Τὸ
1100 1151 1128 1215 δ’
1151 1154 1229 1215 αὐτὸ
1253 1156 1314 1215 καὶ

227 1258 343 1343 ἐνερξις.
388 1263 521 1343 Κροῦμα
555 1259 775 1342 κιθαριστικόν.
820 1258 988 1343 Εὐφρόνιος
1021 1258 1054 1320 δέ
1082 1260 1135 1320 τὸν
1165 1257 1195 1320 ἐν
1223 1258 1314 1345 μέση

228 1367 288 1448 (Et.
312 1366 392 1426 Flor.
414 1389 444 1447 p.
471 1365 544 1446 111)
574 1372 612 1449 τῇ
636 1365 754 1453 κιθόρρι
781 1365 993 1441 πασσαλίσκον,
1023 1361 1071 1426 δι)
1101 1356 1138 1426 οὐ
1165 1365 1184 1443 ἡ
1203 1366 1314 1447 χορδὴ

227 1473 395 1555 διήρτηται.
442 1471 590 1553 Φρύνιχος
612 1471 740 1554 Κόννῳ·
765 1469 777 1554 11
803 1471 845 1532 Τί
864 1470 933 1546 δαί,-
955 1469 1008 1531 τόν
1029 1468 1170 1552 ἐνεργμόν
1192 1470 1313 1551 (Gaisf.

227 1575 428 1657 κοινοτίδητον
449 1575 588 1658 ἐνεργμόν
609 1577 701 1660 libr.).
718 1576 729 1658 11
746 1579 833 1655 Frag.
856 1598 927 1636 com.
945 1577 978 1636 Π
1000 1581 1071 1642 582.
1116 1575 1313 1656 Quamquam

225 1685 306 1743 loeus
335 1682 473 1743 obscurus
503 1692 561 1756 est,
595 1691 691 1743 tamen
721 1682 924 1762 Euphronium
953 1682 1057 1742 falsum
1086 1701 1149 1740 esse
1169 1694 1312 1762 apparet,

227 1809 291 1848 cum
314 1808 419 1848 nomen
441 1786 602 1847 deriuatum
625 1792 655 1847 in
679 1826 719 1836 -
747 1808 803 1865 μος
824 1788 912 1847 talem
935 1787 1172 1865 significationem
1194 1787 1315 1849 habere

225 1914 286 1954 non
305 1897 404 1974 possit.

312 2145 372 2203 42.
412 2137 484 2202 *En
539 2139 636 2199 Schol.
674 2138 730 2198 Av.
769 2146 804 2201 11
844 2137 963 2220 (said).
1016 2137 1308 2222 Ἐξηκεστίδης.

229 2248 344 2304 Τοῦτον
366 2243 406 2313 ὡς
427 2242 508 2315 ξένον
529 2243 724 2320 διαβάλλουσι
748 2243 798 2304 καὶ
819 2241 932 2303 πλάνον
953 2243 1008 2316 τὰς
1029 2243 1117 2316 δδούς
1136 2244 1308 2325 γινώσκειν.

231 2346 270 2408 Οἱ
291 2348 349 2429 γὰρ
371 2345 444 2419 ξένοι
466 2350 581 2425 μᾶλλον
598 2346 678 2411 ἴσασι
699 2349 754 2420 τὰς
769 2348 864 2420 δδούς.
906 2352 1004 2409 Τοῦτο
1019 2345 1053 2409 δ’
1075 2346 1113 2408 ἂν
1127 2348 1173 2430 είη
1185 2372 1305 2432 μεμνη-

225 2451 313 2532 μένος
335 2452 384 2512 καὶ
407 2450 522 2524 ἐντοῖς
544 2450 645 2524 ἔπειτα
667 2454 717 2514 διὰ
738 2454 853 2515 τούτων
876 2451 888 2537 11
913 2452 954 2514 Εἴ
980 2452 1013 2514 δέ
1038 2453 1144 2527 δοῦλός
1165 2455 1228 2517 ἐστι
1250 2458 1305 2517 καὶ

226 2558 300 2639 Κὰρ
321 2554 421 2638 ὥσπερ
439 2553 650 2639 Ἐξηκεστίδης
665 2559 706 2641 (v.
721 2557 820 2643 764111.
850 2548 940 2620 Ἐστι
963 2556 995 2618 δέ
1017 2560 1066 2619 καὶ
1090 2557 1188 2642 ἕτερος
1200 2608 1207 2623 .
1221 2610 1228 2623 .
1242 2610 1250 2624 .
1265 2611 1273 2625 .
1288 2560 1303 2646 11

225 2656 329 2743 ’Έχων
351 2662 444 2746 λύραν
467 2660 550 2745 ἐργον
572 2664 707 2737 Εὐδόξου
732 2664 855 2724 τιταίνει
878 2664 1017 2746 ψίθυρον
1038 2666 1138 2745 εὐήθη
1159 2664 1260 2744 νόμον.
1286 2666 1302 2750 11

227 2767 391 2850 Μέμνηται
424 2767 457 2829 δέ
489 2771 582 2829 αὐτοῦ
612 2770 662 2830 καὶ
684 2767 835 2848 Πολέμων
863 2765 894 2829 ἐν
921 2771 965 2853 τῷ
992 2768 1122 2854 δευτέρῳ
1150 2772 1217 2852 περὶ
1244 2780 1303 2851 τῆς

230 2871 379 2954 Ἀθήνησι
407 2871 645 2956 Ἐρατοσθένους
673 2873 832 2955 ἐπιδημίας
863 2873 1047 2956 (ἀποδημίας
1068 2877 1108 2958 V)
1138 2874 1230 2957 λόχων
1262 2879 1302 2955 „b

226 2977 259 3040 δέ
280 2975 491 3058 Ἐξηκεστίδης
512 2977 687 3061 κιθαρῳδὸς
707 2979 897 3059 πυθιονίκης.
932 2981 1020 3066 Nam}
1041 2978 1074 3040 δέ
1096 2981 1146 3041 καὶ
1166 2981 1219 3041 τδν
1237 2991 1300 3044 τῶν

225 3085 386 3168 Καρνείων
416 3082 533 3167 (Valck.
559 3082 681 3165 ἐκαρίων
703 3086 742 3145 V.
779 3085 908 3167 Καρίων
935 3085 1020 3167 Ald.)
1052 3087 1152 3165 ἀγῶνα
1183 3084 1236 3144 τὸν
1267 3083 1298 3145 ἐν

226 3190 450 3270 Λακεδαίμονι,
474 3187 524 3248 καὶ
538 3189 749 3269 Παναθήναια
768 3190 990 3271 (Παναθηναις
1002 3191 1044 3273 V)
1059 3190 1115 3261 δίς.
1148 3190 1191 3250 Of.
1209 3190 1295 3251 schol.

228 3303 244 3357 7
250 3301 299 3360 64.
326 3301 416 3361 1521,
459 3294 590 3353 Priorem
611 3304 723 3375 pamm
744 3297 845 3356 scholii
867 3296 951 3355 facile
971 3295 1158 3356 Eratostheni
1179 3296 1294 3356 tribuas.

226 3401 296 3460 Hes.
308 3396 535 3479 Ἐξηκεστίδης·
558 3400 716 3483 μοχθηρὸς
731 3401 930 3484 συκοφάντης.
961 3401 1127 3462 Polemonis
1141 3406 1296 3463 sententiae

226 3507 302 3567 favet
323 3507 394 3565 Hes.
419 3526 442 3571 s.
463 3501 770 3584 Ἐξηκεστιδαλκίδαι.
813 3507 926 3568 Preller
946 3529 975 3587 p.
1000 3512 1051 3571 87.
1085 3508 1192 3568 Bemh.
1215 3531 1242 3589 p.
1266 3521 1294 3572 1.

312 3758 370 3819 43.
392 3759 431 3820 L.
454 3759 509 3817 Er.
551 3757 647 3818 Schol.
672 3751 760 3837 Vesp.
787 3765 857 3824 7114.
894 3755 1074 3839 Λυκόφρων
1103 3757 1152 3817 καὶ
1182 3754 1294 3841 οἱπερὶ

226 3854 434 3941 Ἐρατοσθένη
461 3860 496 3921 τὸ
524 3860 681 3944 ἐπαφιέναι
710 3863 765 3934 τὰς
789 3862 881 3933 κύνας
909 3858 1110 3936 ἐτιισίζειν.
1149 3858 1222 3923 Άπδ
1241 3872 1295 3942 τῆς

226 3962 427 4047 ἐπιφθέγξεως
438 3960 490 4027 οὐν
501 3966 562 4048 (τὸ)
575 3966 722 4044 ἐπισιζειν,
735 3967 785 4027 καὶ
797 3968 833 4028 τὸ
844 3965 997 4050 ἐτιιρρύξαι
1009 3965 1178 4050 ἐφορμῆσαι
1188 3966 1296 4045 ὁμοίως

226 4070 309 4151 παρὰ
324 4078 379 4149 τῆς
395 4080 497 4153 φωνῆς
515 4071 705 4154 (ἐφορμῆσαν
723 4073 834 4151 ὁμοίως
849 4074 931 4155 παρὰ
945 4080 982 4156 τῇ
998 4080 1083 4157 φωνῇ
1096 4073 1135 4148 V,
1150 4073 1240 4133 simile
1253 4077 1295 4154 G,
