2792 4767
705 252 919 313 „12-

272 420 370 500 Atque
391 423 414 479 si
437 430 551 499 tempus
571 421 633 479 eius
654 429 732 480 recte
753 423 913 493 statuimus,
936 420 1123 479 Eratostheni
1142 420 1203 478 fere
1217 420 1360 499 aequalis

272 536 349 601 erat3
377 530 458 586 cuius
486 524 553 584 libri
582 548 613 588 π.
641 524 801 606 κωμῳδίας
823 545 888 584 curn
909 545 968 584 non
990 545 1048 584 uno
1070 535 1200 604 tempore
1221 524 1360 601 euolgati

273 651 335 690 esse
356 630 511 690 uideantur
533 629 581 711 (cf.
604 653 633 710 p.
654 630 714 712 13),
738 634 768 689 in
789 634 930 710 supremis
951 630 1068 710 quidem
1091 630 1181 700 libris,
1205 646 1268 706 qua
1291 636 1360 685 erat

274 735 480 795 Eratosthenes
509 735 670 809 sedulitate,
701 736 865 815 Euphronii
887 738 1028 795 rationem
1049 734 1178 793 habitam
1197 752 1262 792 esse
1286 753 1359 812 pro·

273 840 370 899 babile
399 849 449 899 est.
495 841 720 922 Aristophanem
749 845 780 900 in
808 841 912 900 scholis
934 841 1098 921 Euphronii
1123 840 1253 916 magistri
1278 857 1359 917 opus

272 943 440 1005 adhibuisse
460 967 636 1025 quamquam
654 967 798 1027 nusquam
821 946 944 1007 traditur
962 944 1167 1027 suspicandum
1189 951 1242 1022 est
1255 963 1359 1023 eoque

273 1049 452 1129 probabilior
473 1051 505 1109 fit
527 1054 659 1132 suspicio,
679 1052 759 1131 quod
774 1053 955 1113 Callistratus
968 1052 1198 1131 Aristophaneus
1212 1043 1359 1128 Euporo)

224 1235 227 1241 Ι
273 1158 315 1214 nii
337 1159 465 1234 uestigiis
487 1160 583 1216 instat.
628 1157 712 1217 Idem
733 1160 854 1217 fortasse
876 1158 912 1217 de
931 1156 1114 1217 Artemidoro
1133 1155 1355 1234 Aristophaneo

273 1264 335 1321 siue
363 1262 664 1342 Pseudaristophaneo
697 1283 810 1323 sumere
843 1264 909 1322 licet
942 1283 978 1321 ex
1008 1264 1079 1340 trag.
1110 1270 1176 1324 147.
1219 1260 1252 1320 Si
1282 1280 1355 1320 uere

272 1367 377 1426 dicitur
399 1371 484 1426 etiam
506 1368 689 1428 Aristarchus
711 1370 874 1448 Euphronii
896 1367 1054 1448 discipulus
1077 1366 1125 1448 (cf.
1149 1389 1179 1445 p.
1199 1365 1243 1448 8),
1272 1367 1353 1425 hunc

273 1491 392 1551 quoque
419 1473 496 1532 illius
525 1473 631 1533 librum
654 1474 758 1550 legisse
780 1473 931 1554 probabile
952 1483 1003 1532 est.
1035 1471 1135 1548 ‘Quod
1156 1480 1254 1531 autem
1277 1472 1353 1549 frag.

278 1585 332 1639 107
358 1577 495 1638 Seleucus
509 1580 711 1640 Aristarcheus
729 1601 794 1639 cum
809 1579 980 1659 Euphronio
995 1580 1180 1655 coniungitur
1194 1597 1264 1635 num
1282 1578 1353 1637 inde

274 1682 446 1743 concludere
467 1685 510 1743 fas
532 1686 570 1745 sit
591 1685 742 1744 Seleucum
763 1685 934 1764 Euphronio
960 1684 1125 1743 oblocutum
1152 1701 1216 1744 esse.
1236 1681 1351 1742 dubito.

275 1787 389 1848 Certior
418 1809 488 1848 sane
517 1799 560 1850 est
589 1793 686 1870 opinio
709 1789 880 1850 Chaeridem
910 1791 941 1847 in
962 1789 1018 1847 hoc
1038 1809 1159 1848 numero
1181 1787 1351 1867 ponendum

275 1911 345 1966 esse,
378 1898 428 1975 qui
457 1896 528 1973 frag.
553 1903 592 1957 65
616 1896 780 1976 Euphronii
807 1894 1019 1975 imprudentem
1040 1896 1260 1975 explicationem
1285 1915 1350 1971 pro·

274 1998 395 2059 bauerit.
440 1999 499 2076 Qui
528 2000 656 2081 denique
685 2002 838 2081 Antipater
867 2001 917 2059 ille
952 2004 990 2061 sit
1017 2005 1089 2080 frag.
1123 2007 1160 2061 77
1195 2018 1255 2057 una
1285 2020 1350 2060 cun

273 2106 444 2184 Euphronio
466 2107 600 2167 laudatus
621 2117 650 2166 et
671 2118 736 2167 uter
756 2107 794 2166 ab
815 2115 881 2166 utro
901 2103 1027 2186 pendeat
1046 2103 1190 2186 nesciossl.
1228 2104 1308 2165 Cum
1327 2110 1350 2165 iu

273 2210 437 2289 Euphronii
466 2212 540 2272 libro
570 2214 677 2272 multae
705 2213 742 2271 de
767 2212 891 2272 dialecto
913 2212 1021 2270 Dorica
1042 2210 1144 2269 doctae
1166 2219 1195 2268 et
1216 2210 1351 2271 indoctae

273 2314 489 2375 obseruationes
510 2318 626 2389 fuerint,
650 2317 856 2396 Tryphonem,
877 2335 965 2394 quem
986 2315 1191 2396 Aristophanis
1212 2317 1352 2393 Byzantii

274 2418 392 2497 quidem
414 2424 511 2499 copias
533 2419 639 2481 adiisse
660 2429 780 2493 constat,
804 2424 835 2479 in
856 2420 930 2480 libro
953 2421 1019 2500 περὶ
1033 2417 1177 2503 Δωριέων
1191 2418 1352 2483 blaitma-

273 2523 424 2584 conflando
446 2526 586 2585 nonnulla
606 2527 777 2606 Euphronio
800 2526 934 2586 debuisse
955 2525 1092 2585 credibile
1114 2533 1172 2604 est;
1196 2526 1247 2584 sed
1270 2528 1351 2606 quod

274 2629 344 2688 Hes.
369 2650 391 2690 s.
414 2651 441 2688 v.
473 2625 601 2712 ῥαφανίς
630 2654 682 2711 pro
711 2632 881 2711 Tryphonis
907 2635 1025 2691 nomine
1049 2633 1252 2713 Euphronium
1282 2633 1351 2693 snb-

273 2733 451 2794 stituendum
480 2757 541 2795 esse
568 2745 652 2817 putat
680 2736 856 2797 Schmidtius
879 2737 961 2819 (Did.
985 2760 1014 2816 p.
1038 2737 1123 2818 295),
1152 2737 1270 2817 probari
1297 2742 1350 2798 uix

273 2843 407 2918 potuerit.

360 2946 433 3006 Cum
455 2946 510 3006 hoc
531 2946 616 3007 modo
640 2949 767 3007 studium
789 2947 954 3007 comoediae
974 2968 1028 3028 per
1045 2949 1247 3027 Euphronium
1270 2948 1349 3010 haud

273 3050 456 3110 mediocriter
476 3061 592 3111 auctum
612 3062 696 3126 esset,
720 3056 822 3113 tertius
844 3056 954 3112 exstitit
975 3056 1026 3132 qui
1048 3056 1157 3133 primus
1178 3056 1291 3112 ratione
1325 3065 1351 3114 et

273 3159 322 3216 uia
343 3158 416 3216 haec
437 3157 533 3218 studia
554 3161 689 3218 sustinuit
711 3159 927 3219 Eratosthenes.
973 3157 1033 3233 Qui
1055 3157 1222 3218 Callimachi
1251 3160 1283 3217 in
1307 3181 1359 3221 or·¹

275 3261 403 3322 dinanda
439 3263 614 3322 bibliotheca
644 3264 849 3324 Alexandrina
884 3284 1031 3325 successor
1067 3264 1156 3344 (Mus.
1179 3264 1273 3322 Rhen.
1297 3269 1351 3340 Vl,

274 3389 302 3446 p.
332 3370 403 3448 117)
435 3388 500 3428 curn
533 3368 570 3427 ad
602 3373 750 3449 antiquam
781 3368 958 3430 comoediam
987 3368 1166 3428 tractandam
1198 3349 1352 3448 aspiraret,

275 3472 450 3551 amplissimo
472 3493 560 3555 opere
581 3474 647 3556 aspi
670 3475 833 3557 κωμῳδίας
860 3455 922 3535 siue
950 3475 1017 3555 περὶ
1040 3474 1167 3556 ἀρχαίας
1188 3475 1354 3556 κωμῳδίας

277 3597 396 3637 munere
417 3582 508 3637 critici
531 3589 559 3637 et
581 3582 746 3659 interpretis
761 3583 866 3657 insigni
880 3580 1030 3657 diligentia
1045 3589 1074 3638 et
1088 3599 1220 3638 successu
1233 3580 1353 3643 functus

277 3691 328 3741 est.
374 3683 463 3743 (iuius
484 3683 603 3763 quidem
626 3688 729 3764 operis,
761 3705 797 3744 ex
823 3705 881 3763 quo
903 3685 977 3744 liber
999 3682 1185 3744 duodecimus
1208 3688 1355 3749 excitatur

275 3787 361 3868 (frag.
384 3787 438 3869 47)
471 3808 546 3867 quae
567 3791 653 3849 fiterit
674 3789 832 3871 dispositio.
856 3812 920 3850 cum
950 3811 1015 3849 raro
1043 3791 1183 3849 librorum
1211 3811 1354 3855 numerus

360 4031 382 4097 ὅ)
399 4035 428 4084 Si
446 4051 508 4086 uere
526 4036 639 4086 traditur
654 4037 681 4085 in
694 4039 751 4087 cod.
762 4038 794 4087 V.
813 4030 849 4094 ὠς
863 4030 1027 4106 Εὐφρόνιος,
1046 4037 1215 4098 Antipatrum
1227 4037 1354 4104 Euphro-

274 4126 319 4174 nio
339 4126 515 4188 antiquiorem
532 4126 614 4177 fuisse
633 4125 799 4175 statuendum
818 4131 864 4175 est.
1145 4127 1151 4134 '
