2792 4767
568 273 781 339 ..73-

142 444 289 528 προσδεὶς
315 444 361 504 ὅτι
392 442 484 504 ἐνίοτε
513 443 652 523 σημαίνει
679 444 730 505 καὶ
761 445 797 506 τδ
824 444 1000 526 φροντίζειν.
1044 442 1218 527 Ἡρακλέων

142 549 178 613 δὲ
198 545 476 628 καταμεμψάμενος
496 546 689 631 Λυκάφρονά
711 572 803 633 φησιν
824 543 900 610 εἶναι
922 550 958 611 τὸ
979 549 1164 632 ἐπιστρεφῶς
1186 536 1225 613 τί

143 650 286 737 πράττειν
307 651 327 734 ἢ
349 653 484 736 ἐνεργεῖν.
529 654 594 714 Καὶ
619 650 838 736 Ἀρτεμίδωρος
860 653 906 737 (δὲ
926 655 993 716 εδδ.
1014 655 1157 737 Schmidt)
1180 658 1215 717 τὸ

143 759 318 844 φροντίζειν.
368 758 518 841 Φρύνιχος
540 758 687 831 Μάσταις
708 782 737 824 κ.
759 781 788 825 τ.
811 762 837 819 λ.

227 866 318 926 Recte
337 862 470 926 Schmidt
491 861 533 943 (p
553 863 607 945 49)
640 867 735 946 prima
755 864 846 925 uerba
865 885 884 924 e
905 866 1099 948 Lycophrone
1120 867 1216 927 eliens

125 987 205 1032 *esse
225 969 341 1044 iudicet,
364 989 430 1029 eum
447 968 635 1031 Heraclensis
656 971 855 1051 interpretatio
875 971 1063 1050 Lycophroni
1083 976 1215 1054 opposita

141 1074 218 1135 idem
239 1075 307 1135 fere
320 1074 425 1134 ualeat
462 1075 542 1134 Num
557 1074 759 1136 Eratosthenis
780 1077 817 1134 sit
838 1075 959 1134 fortasse
979 1076 1018 1136 ab
1033 1079 1214 1139 Hsreelsons

140 1183 277 1261 exscripti
299 1178 425 1240 dubitari
445 1186 548 1259 potest.

226 1286 309 1346 Eust.
332 1290 404 1358 968,
421 1289 449 1343 3.
497 1281 659 1359 Τευτάζειν
680 1282 796 1365 λίγεται
816 1283 895 1345 κατὰ
917 1282 1032 1346 Αίλιον
1055 1283 1214 1348 Διονύσιον

140 1390 245 1453 τδὲπὶ
267 1391 343 1452 πολὺ
364 1388 572 1471 προσεδρεύειν
593 1390 637 1472 τῷ
659 1391 743 1473 αὐτῷ
764 1388 930 1471 πράγματι.

225 1498 296 1556 Hes.
323 1492 475 1568 Τευτάζει.
505 1493 664 1574 Σκευιορεῖ.
701 1490 871 1574 Ἡσυχάζει.
910 1495 1078 1577 Διατρίβει.
1120 1494 1160 1558 Οἱ
1181 1494 1215 1557 δὲ

141 1600 298 1685 φροντίζει.
342 1597 793 1675 οε.Ρ1ιοι.ι.ι.Ταυτάζιιν.
838 1602 1212 1674 Beehm.An.1386,5.

139 1708 214 1769 Poll.
248 1711 293 1771 IX
330 1710 397 1767 137.
441 1702 538 1768 Schol.
567 1704 644 1766 Plat.
674 1712 734 1770 383
768 1707 862 1766 Bekis.
907 1709 954 1767 Et.
984 1707 1026 1766 M.
1059 1713 1130 1780 755,
1162 1711 1211 1773 38.

140 1815 276 1874 zonaras.
292 1808 424 1891 Apostol.
439 1809 518 1868 XVI
533 1816 572 1871 40
589 1809 793 1893 (corruptum),
830 1812 908 1875 Tim.
923 1834 951 1894 p.
974 1818 1040 1876 132.
1072 1811 1212 1886 Schmidt,

140 1916 210 1977 Did.
233 1938 262 1997 p.
287 1923 326 1979 46
349 1934 410 1994 seq.
442 1913 551 1989 Neber,
574 1915 648 1995 prol.
670 1937 700 1996 p.
723 1923 770 1989 13,
794 1923 844 1981 66.
881 1918 968 1995 Freg.
991 1938 1065 1977 com.
1088 1921 1118 1979 11
1142 1923 1211 1990 354,

142 2028 213 2096 375,
237 2028 307 2093 594,
332 2026 402 2084 646.

224 2233 300 2293 135.
325 2227 399 2292 Ἕν.
442 2229 611 2308 ΒάαλΕσ.
636 2236 708 2291 440.
756 2228 990 2310 Τερθρίους.
1032 2227 1211 2309 Οἱίσχατοι

141 2336 244 2413 κάλοι,
274 2336 324 2407 οδς
346 2332 492 2416 ίκφάρους
512 2336 654 2395 καλοῦσιν
675 2330 703 2395 οἱ
726 2342 849 2411 ναῦται,
884 2335 934 2407 οδς
955 2334 1029 2396 ὅταν
1051 2334 1156 2419 ἐνδιδῷ
1179 2335 1213 2395 τδ

140 2450 257 2522 πνεῦμα
278 2438 416 2522 πρώτους
437 2439 470 2500 ἐκ
491 2433 614 2524 πρῴρας
632 2442 796 2519 χαλῶσι.”

225 2548 306 2608 Erot.
333 2550 401 2618 127,
431 2554 438 2605 1
467 2544 547 2628 (Κλ)
575 2545 641 2606 Καὶ
664 2542 781 2627 οἱπερὶ
804 2551 877 2603 ναῦν
899 2541 1032 2626 ἔμπειροι
1054 2546 1215 2628 τερθρίους

140 2651 249 2724 κάλους
270 2648 448 2729 ὀνομάζουσι
470 2651 541 2722 τοὺς
562 2647 613 2711 ἐπί
633 2649 709 2711 τίλεε
731 2658 786 2710 τοῦ
806 2646 902 2713 ἱστοῦ.
1006 2705 1008 2710 ,

226 2759 296 2818 Hes.
323 2753 507 2837 Τίρθρ(ι)οι.
545 2752 584 2816 Οἱ
606 2754 647 2826 είς
668 2754 704 2815 τὸ
723 2752 811 2837 κέρας
833 2762 888 2818 τοῦ
909 2751 1004 2836 ἱστίου
1024 2749 1214 2836 ἑκατέρωθεν

140 2861 300 2943 δεδεμένοι,
323 2860 354 2921 ἓν
376 2854 419 2931 οἷς
438 2860 473 2920 τὸ
493 2858 622 2942 άρμενον
642 2857 768 2922 ἕλκουσι.

224 2969 311 3029 Phot.
327 2966 376 3048 (cf.
389 2967 437 3028 Et.
450 2965 492 3024 Μ.
508 2971 577 3038 752,
587 2970 637 3030 48.
649 2965 746 3047 said.)
764 2963 929 3048 Τερδρεία.
966 2961 1009 3025 Ἡ
1027 2964 1213 3046 λεπτολογία.

140 3064 248 3137 ’Ἔστιν
279 3070 338 3154 γάρ
369 3094 398 3131 τι
430 3068 560 3149 σχοινίον
588 3069 619 3131 ἓν
649 3077 714 3143 τοῖς
743 3070 856 3142 πλοίοις
883 3068 1001 3145 λεπτόν,
1033 3070 1049 3129 ὃ
1079 3072 1214 3129 καλεῖται

140 3176 287 3261 τέρθρον·
321 3175 397 3260 φασὶ
425 3172 461 3235 δέ
485 3196 563 3246 τινες
591 3176 631 3236 τὰ
659 3177 722 3235 άνω
751 3175 893 3256 τρήματα
922 3182 977 3236 τοῦ
1005 3173 1052 3233 ἐπὶ
1075 3176 1118 3257 τῷ
1140 3172 1214 3257 ἱστῷ

140 3283 277 3365 ὀργάνου,
300 3278 354 3364 ἀφ’
385 3273 422 3342 οὗ
441 3281 568 3362 ἤρτηται
588 3289 644 3341 τοῦ
665 3277 750 3341 ἱστοῦ
771 3281 790 3359 ἡ
812 3280 927 3362 κεραιά.
971 3277 1020 3340 Ad
1041 3278 1117 3339 idem
1138 3279 1213 3358 freg-

140 3390 269 3449 mentum
302 3390 447 3469 pertinere
479 3394 549 3464 puto
581 3386 671 3446 seholss
704 3387 762 3464 Eq.
794 3392 865 3450 436.
910 3385 976 3446 Καὶ
1008 3393 1062 3444 τοῦ
1094 3384 1214 3456 ποδὸς

140 3494 249 3576 παρίει.
274 3530 313 3542 -
336 3494 375 3554 H
379 3491 473 3562 όδιις
500 3488 533 3551 δὲ
555 3495 696 3552 καλοῦσιν
722 3487 750 3550 οἱ
773 3495 879 3550 ναῦται
893 3492 971 3562 τοὺς
992 3487 1064 3571 παρ’
1087 3485 1213 3572 ἑκάτερα

141 3598 179 3657 τά
199 3596 277 3679 μέρη
299 3596 398 3669 κάλοις
419 3594 626 3674 ἐκδεδεμένους
646 3603 701 3674 τῆς
722 3595 845 3675 ὀθόνης.
889 3595 934 3656 Of.
956 3596 1029 3673 frag.
1050 3602 1099 3660 60.

224 3813 303 3874 136.
325 3811 379 3870 Er.
424 3806 520 3866 Schol.
551 3805 636 3865 Pind.
665 3804 712 3865 Ol.
735 3809 782 3869 IX
809 3812 834 3867 1.
859 3838 902 3848 -
929 3800 1151 3885 Ἐρατοσθένης
1180 3804 1213 3863 δι’

140 3936 213 3995 φησι
241 3915 284 3994 μὴ
311 3911 452 3974 ἐπινίκιον
481 3905 555 3971 εἶναι
585 3911 621 3971 τὸ
642 3906 814 3991 ’ίρχιλάχου
835 3912 939 3987 μέλος,
967 3905 1034 3968 ἀλλ’
1057 3907 1149 3986 ὕμνον
1172 3909 1213 3980 εἷς

139 4015 305 4101 Ἡρακλέα,
336 4015 477 4098 τριπλάον
505 4013 539 4077 δὲ
560 4017 595 4076 οὐ
615 4014 667 4075 διὰ
687 4015 723 4075 τὸ
746 4011 778 4076 iu
800 4022 892 4097 τριῶν
913 4021 1054 4096 στροφῶν
1074 4021 1211 4094 συγκεῖσ-

140 4126 208 4201 θαι,
223 4124 300 4183 άλλδι
322 4122 373 4182 διὰ
395 4122 430 4181 τὸ
452 4122 517 4204 τρίς
538 4118 779 4202 ίφυμνιάζεσδαι
802 4119 837 4181 τὸ
860 4120 1031 4181 Καλλίνικε.
1076 4119 1156 4200 Περὶ
1179 4117 1212 4179 δὲ
