2792 4767
553 280 745 344 ..g-3-.

113 454 267 531 diligenter
287 462 317 510 et
337 452 427 532 polite
448 472 487 509 an
505 454 609 509 uitiose
629 453 719 512 etita
739 460 772 513 ut
791 472 899 510 nouum
921 452 1069 530 exemplar
1090 456 1186 532 parari

114 568 258 638 oporteret
286 560 384 638 scripti
414 565 509 615 essent
530 566 717 635 quaererent,
748 577 808 616 non
830 556 923 615 solum
945 557 1109 630 titulorum,
1134 556 1185 616 sed

114 668 199 723 etiam
231 667 358 743 ipsorum
388 660 544 720 uerborum
576 660 821 721 emendandoruur
850 665 999 721 occasione
1027 682 1094 721 usos
1124 682 1187 720 esse

114 777 229 828 statuat.
273 766 332 827 Sed
355 767 426 825 mihi
449 786 486 824 ex
507 766 709 846 Lycophronis
731 765 850 845 quidem
869 776 988 839 natura,
1011 767 1127 847 qualem
1149 786 1186 826 ex

112 875 280 951 fragmentis
309 874 403 950 operis
433 890 605 948 cognoscere
626 871 709 944 licet,
740 871 887 951 probatior
909 881 953 930 est
974 873 1198 940 Wachsmuthii

114 982 256 1038 sententia
278 977 395 1059 (Philol.
412 977 490 1036 XVI
510 984 570 1039 653
592 984 651 1035 not.
673 976 723 1056 12)
747 998 813 1036 euru
835 996 873 1036 ne
888 980 920 1035 in
933 976 1054 1052 singulis
1068 975 1187 1055 quidem

114 1085 209 1144 uerbis
232 1081 419 1142 emendandis
441 1091 531 1140 artem
554 1084 680 1139 criticam
703 1081 758 1139 sibi
780 1081 949 1140 uindicasse.
993 1083 1083 1141 Recte
1100 1084 1188 1158 igitur

114 1198 258 1248 auctorem
280 1187 382 1247 scholii
402 1187 526 1265 plautini
548 1187 674 1245 'Pzetnae
694 1186 786 1245 uerba
808 1187 985 1246 intellexisse
1012 1195 1092 1267 puto,
1122 1207 1187 1245 cum

115 1294 192 1353 dicat
217 1294 365 1374 „Graecae
392 1294 462 1349 artis
484 1294 609 1371 poeticos
632 1293 721 1352 libros
744 1295 775 1350 in
795 1312 885 1350 unum
906 1292 1085 1369 collegerunt
1106 1301 1135 1351 et
1157 1296 1187 1350 in

117 1399 248 1458 ordinem
270 1395 452 1472 redegerunt,
474 1396 643 1456 Alexander
665 1402 772 1456 e.c.t.“
812 1398 919 1458 Contra
941 1400 971 1456 in
993 1398 1189 1456 uoluminibus

116 1502 218 1562 ordine
240 1501 426 1582 disponendis
448 1511 481 1560 ut
502 1521 548 1562 res
569 1503 645 1561 bene
662 1506 703 1561 eis
725 1502 840 1561 cederet
860 1501 955 1561 facere
975 1523 1035 1561 nen
1055 1512 1189 1582 poterant

117 1611 187 1687 quin
220 1607 340 1684 singulis
373 1607 569 1666 uoluminibus
597 1628 673 1687 quae
701 1611 842 1686 cuiusque
871 1618 974 1687 poetae
1003 1627 1092 1686 opera
1121 1628 1187 1667 con·

117 1716 241 1772 tinerent
263 1712 467 1786 inscriberent,
498 1722 530 1771 ut
558 1713 636 1791 quod
658 1723 759 1793 postea
781 1713 974 1772 Callimachus
997 1714 1122 1772 excoluit
1146 1722 1188 1772 at·

115 1840 174 1900 que
201 1821 334 1900 perfecit,
365 1820 426 1877 eins
454 1820 546 1896 prima
575 1818 762 1878 fundamenta
782 1823 901 1879 iecerint
924 1819 972 1900 (cf.
996 1819 1187 1878 Wachsmuth

116 1926 134 1983 l.
147 1946 171 1984 c.
194 1948 223 2005 p.
238 1924 322 2005 662).
360 1923 475 1999 Quibus
498 1943 535 1981 ex
556 1924 658 1983 studiis
680 1935 743 1983 orta
766 1945 827 1984 esse
849 1924 965 1983 uidetur
986 1924 1189 2003 Lycophronis

117 2031 153 2090 de
174 2030 354 2089 Archestrati
377 2032 510 2088 carminis
531 2032 719 2109 inscriptione
740 2031 913 2089 obseruatio
924 2033 995 2107 hag.
1021 2030 1102 2112 19¹).

203 2135 315 2211 Quodsi
344 2138 432 2211 igitur
461 2134 499 2193 de
528 2135 582 2192 hac
603 2135 807 2215 Lycophronis
833 2156 921 2215 opera
943 2139 974 2194 in
994 2134 1191 2198 uoluminibus

117 2239 286 2301 ordinandis
315 2242 409 2318 posita
437 2242 532 2299 minus
559 2251 637 2298 certa
666 2244 753 2300 statui
777 2250 914 2321 possunt,
937 2240 1035 2321 paullo
1058 2229 1191 2300 uberiora

117 2355 198 2419 sunt,
230 2365 304 2425 quae
333 2343 370 2403 de
396 2347 458 2424 ipso
488 2365 575 2425 opere
604 2345 670 2427 περὶ
694 2346 854 2428 κωμῳδίας
875 2349 997 2405 sciamus
1006 2345 1050 2425 2)3
1079 2349 1190 2424 inquo

117 2473 182 2511 cum
204 2460 318 2531 praeter
338 2448 564 2531 Aristophanem
586 2452 768 2511 Pherecratis
790 2453 875 2534 (frag.
895 2452 957 2534 85),
975 2453 1083 2512 Cratini
1104 2450 1188 2531 (frag.

120 2557 183 2639 25),
213 2553 329 2636 E'pilyci
357 2555 442 2636 (frag.
468 2557 521 2639 26)
552 2557 667 2616 fabulae
696 2566 835 2617 tractatae
862 2562 929 2634 sint,
959 2577 1058 2624 omnes
1084 2561 1192 2616 ueteris

115 2662 281 2721 comoediae
303 2669 402 2742 poetas
430 2660 526 2721 locum
547 2661 684 2721 habuisse
706 2666 817 2742 opinor.
861 2665 1073 2741 Argumentum
1093 2671 1190 2722 autem

115 2769 174 2827 tale
206 2770 266 2827 fere
295 2767 383 2825 fuisse
412 2766 535 2836 uidetur,
569 2774 602 2824 ut
630 2769 661 2824 in
689 2770 753 2847 ipsa
782 2772 1018 2848 interpretatione
1046 2790 1189 2827 summum

116 2872 244 2931 studium
265 2875 391 2952 positum
414 2882 504 2939 esset,
535 2871 693 2931 subiunctis
715 2873 787 2947 aliis,
817 2876 943 2952 quaein
965 2878 1131 2934 uniuersum
1154 2873 1192 2932 de

116 2977 282 3036 comoediae
304 2976 390 3036 rebus
412 2986 539 3054 agerent.
578 2979 614 3036 In
636 2979 742 3057 quibus
764 2978 802 3037 de
822 2982 892 3058 ipsis
913 2991 1064 3058 poetarum
1085 2979 1192 3038 fabulis

117 3081 295 3162 disputatum
324 3101 386 3141 esse
414 3084 451 3142 ab
481 3103 525 3154 eo,
553 3087 604 3162 qui
632 3087 662 3142 in
691 3084 880 3161 congerendis
908 3085 1013 3144 fabulis
1035 3093 1191 3164 occupatus

119 3199 194 3246 esset
215 3187 365 3268 probabile
388 3197 439 3247 est.
484 3190 533 3246 Ex
554 3192 693 3268 prooemio
718 3191 839 3249 fortasse
860 3201 992 3248 naturam
1014 3198 1043 3247 et
1063 3190 1191 3248 indolem

116 3293 283 3352 comoediae
293 3294 471 3372 disceptante
483 3294 682 3374 depromptam
694 3291 757 3354 esse
766 3295 936 3355 crediderim
946 3296 1191 3355 narratiunculam

207 3628 227 3694 1)
252 3630 317 3680 Cum
340 3629 503 3679 Archestrati
530 3634 598 3681 ratio
623 3633 750 3681 materiae
776 3632 929 3681 tractandae
953 3630 1079 3695 parodica
1103 3631 1191 3693 fuerit,

118 3721 231 3770 fortasse
256 3719 319 3768 hinc
344 3718 499 3768 concludere
521 3721 585 3769 licet
607 3720 720 3784 parodos
744 3736 803 3768 cum
827 3722 935 3768 comicis
959 3720 1113 3769 coniunctos
1134 3735 1192 3769 esse

119 3809 152 3859 cf.
171 3808 298 3857 Athen.1
320 3809 367 3857 sb
391 3833 422 3841 -
447 3809 496 3857 καὶ
517 3800 650 3877 Ἠγήμων
672 3802 686 3858 ὁ
709 3802 810 3865 Θάσιος
835 3801 1028 3872 &suanenses
1051 3809 1135 3877 φακῆ,
1154 3794 1193 3859 ’ὃν

119 3898 158 3966 τῇ
172 3891 275 3965 ἀρχαίᾳ
293 3896 425 3965 κωμῳδίᾳ
444 3895 517 3953 τινὲς
534 3890 705 3964 ἐντάττοασα

206 3983 228 4047 ²)
254 3987 330 4036 Unde
356 3988 522 4038 Uilloisonus
549 3986 639 4035 anecd.
661 3985 705 4034 Gr.
722 3987 750 4035 Π
774 3986 822 4035 185
849 3987 878 4035 in
904 3985 1012 4035 scholiis
1041 3984 1191 4034 Homericis

119 4074 266 4125 Marcianis
279 4069 455 4145 Λυκόφρονα
471 4069 522 4127 τὸν
539 4068 690 4144 γράψαντα
709 4072 743 4124 τὰ
761 4069 982 4142 τραγῳδούμενα
1000 4072 1103 4123 laudari
1120 4071 1193 4122 dicat

118 4163 237 4215 nondum
254 4165 376 4228 comperi.

987 4225 1019 4280 1*
