2792 4767
600 241 814 305 -59-

172 411 312 493 φαίνεται
333 410 489 492 γεγραφὼς
510 410 545 470 τό
568 410 680 490 δρᾶμα,
704 409 778 470 ὅπου
799 432 831 492 γε
854 419 909 471 τοῦ
930 412 1061 490 Μαρικᾶ
1076 412 1247 485 Εὐπόλιδος

169 516 338 596 μέμνηται,
368 516 400 587 ὃς
429 515 579 595 ἐδιδάχθη
609 505 687 575 καθ’
719 510 905 598 Ὑπερβόλου
931 505 1009 595 μετδι
1031 517 1084 577 τόν
1105 515 1248 590 Κλέωνος

170 620 319 683 θάνατον.
367 625 473 681 Ταῦτα
499 619 532 681 δέ
555 620 596 692 ὡς
617 616 660 680 έτι
683 618 793 695 ζῶντος
814 619 955 694 Κλέωνος
976 622 1101 704 λέγεται.
1146 621 1248 702 Δῆλον

169 722 223 788 οὐν
252 726 299 788 ότι
321 727 399 787 κατὰ
420 728 547 798 πολλοὺς
567 727 638 797 τούς
655 725 784 808 χρόνους
805 727 976 789 διεσκεύασε
998 729 1034 789 τό
1055 728 1172 810 δρᾶμα,
1195 728 1245 788 καὶ

170 842 270 894 ταῦτα
292 831 348 912 μέν
377 834 413 893 οὐ
441 834 540 915 πολλῷ
568 831 701 914 ὕστερον,
734 830 764 891 έν
786 825 830 904 οἷς
851 830 884 893 δέ
906 829 1075 906 Εὐπόλιδος
1095 833 1246 914 μέμνηται

169 940 220 999 καὶ
243 946 305 999 τῶν
324 935 366 1009 εἴς
387 934 569 1019 Ὑπέρβολον
591 937 768 1019 κωμῳδιῶν,
790 940 899 1021 πολλῷ.
928 938 993 999 Om.
1006 940 1043 1003 V.
1057 941 1092 1000 R.
1123 940 1249 1002 Uidetur

168 1047 259 1122 igitur
279 1047 365 1103 etiam
388 1043 459 1124 hyp.
476 1047 517 1105 VI
539 1043 725 1103 Eratostheni
748 1043 856 1108 deberi.
901 1044 943 1105 cf.
966 1045 1054 1105 schol.
1077 1047 1150 1105 Rau.
1175 1052 1245 1108 569.

168 1148 266 1209 Schol.
291 1153 378 1229 Vesp.
408 1155 496 1211 1613.
527 1154 615 1210 1038.
716 1159 720 1165 ’

256 1254 350 1314 Simili
377 1253 463 1315 modo
486 1253 655 1314 Callimachi
678 1253 887 1314 dubitationem
910 1254 999 1314 schol.
1021 1255 1099 1315 Nub.
1125 1260 1186 1318 624
1208 1254 1247 1314 ab

170 1377 205 1418 eo
226 1360 380 1420 refutatam
403 1379 466 1420 ecee
487 1358 661 1420 credendum
684 1371 736 1418 cet.

255 1569 308 1628 98.
335 1564 391 1630 *Ia
435 1567 531 1628 Schol.
560 1570 616 1649 Eq.
652 1575 708 1629 100
739 1564 858 1648 (Sulci).
905 1568 983 1627 Καὶ
1008 1568 1174 1628 νοιδίων.
1204 1604 1247 1616 -

174 1668 259 1741 Τινές
289 1668 323 1730 δέ
356 1671 532 1751 ὀνειδισμῶν
559 1674 609 1733 καὶ
639 1672 796 1753 λοιδοριῶν
831 1671 891 1732 ἀπὸ
920 1681 973 1732 τοῦ
999 1670 1083 1764 οἴνου
1112 1673 1163 1733 καὶ
1193 1681 1248 1752 τῆς

170 1772 279 1854 μέθης.
317 1777 443 1848 Κακιῒις.
480 1778 668 1858 Lycophroni
690 1776 786 1836 tribuo
809 1787 927 1858 propter
949 1783 1137 1839 temeritatem
1160 1782 1247 1841 inter·

172 1883 348 1959 pretatiouie.
393 1881 496 1941 Posuit
518 1885 595 1943 enim
617 1882 694 1963 quod
717 1903 754 1943 ex
775 1881 1012 1969 antecedentibus
1034 1888 1163 1958 coniecit,
1186 1906 1246 1945 non

171 1985 249 2065 quod
273 1986 445 2047 uocabulum
466 1988 653 2065 significabat.

257 2205 311 2261 99.
333 2203 393 2265 m.
437 2199 533 2259 Schol.
557 2199 635 2259 Nub.
663 2205 753 2261 1161.
794 2187 835 2258 Ὦ
856 2196 965 2280 σκληρέ
986 2199 1105 2278 δαῖμον.
1126 2237 1169 2249 -
1187 2200 1247 2262 Εὐ·

173 2301 293 2383 φρόνιος
313 2305 396 2385 παρὰ
426 2299 620 2370 Ξενοκλεῖ
648 2325 739 2384 φησιν
761 2297 893 2364 εἶναιτὸ
912 2304 1128 2387 χρυσάμπυκες
1158 2307 1246 2388 (γρυ-

172 2405 369 2488 σοίμπιγεςλί
396 2409 600 2492 χρυσάντυγες
622 2410 756 2491 Herm),
789 2409 819 2483 έξ
847 2402 883 2471 οὗ
911 2416 1182 2493 παραπεποιῆσθαι
1211 2412 1247 2474 τὸ

172 2512 399 2595 θραυσάντυγες
428 2525 525 2577 τοῦτο.
567 2513 649 2577 Ἐπεὶ
679 2513 739 2597 (δελ
769 2515 909 2596 ἐμνήσθη
938 2526 992 2578 τοῦ
1015 2519 1130 2600 πατρὸς
1152 2520 1248 2579 αὐτοῦ

173 2620 280 2700 (αὐτοῦ
302 2621 361 2680 ὐπὸ
383 2630 438 2682 τοῦ
458 2621 573 2703 πατρός
594 2621 672 2696 libr„
695 2641 723 2683 v.
751 2623 855 2704 1261),
877 2623 928 2682 καὶ
951 2623 990 2683 τὰ
1012 2625 1107 2685 αὐτοῦ
1127 2647 1246 2707 τραγῳ-

171 2723 219 2784 δεῖ
238 2725 362 2806 εἰρηκὼς
377 2713 440 2809 ΗὯ
462 2725 572 2808 σκληρέ
593 2726 712 2803 δαῖμον.
729 2718 841 2809 ήἜστι
863 2724 896 2786 δέ
918 2727 995 2807 (καὶ)
1019 2728 1054 2788 τὸ
1070 2715 1132 2811 ΗὨ
1154 2729 1246 2789 Παλ-

170 2828 233 2905 λάς,
255 2828 297 2903 ὥς
315 2829 349 2910 μ’
372 2830 529 2903 ἀπώλεσας
544 2831 555 2915 ll
578 2826 758 2903 Ξενοκλέους
780 2830 814 2894 ἐκ
835 2841 889 2892 τοῦ
910 2833 1096 2911 Λικυμνίου,
1120 2831 1161 2904 ὥς
1183 2827 1243 2916 φη-

170 2956 218 2995 σιν
239 2934 426 3018 Εὐφρόνιος,
455 2937 611 3017 λεγόμενον
632 2936 690 2996 ὑπὸ
709 2933 891 3017 Ἀλκμήνης,
914 2946 969 2998 τοῦ
988 2939 1165 3017 Λικυμνίου
1186 2939 1245 2999 ὐπὸ

174 3040 373 3120 Τληπολέμου
395 3040 596 3125 ἀνῃρημένου·
620 3041 739 3102 διὸκαὶ
762 3041 918 3125 ἐπήνεγκεν
940 3043 1030 3114 αὐτός
1046 3043 1057 3125 ll
1077 3044 1119 3103 Τί
1138 3043 1193 3104 δαί
1210 3063 1244 3104 σε

174 3145 373 3225 Τληπόλεμός
392 3139 461 3207 ποτ’
488 3144 641 3228 εἴργασται
664 3146 775 3223 κακόν,·
801 3147 811 3230 Η
837 3148 956 3222 Nauck,
980 3149 1051 3226 frag.
1074 3157 1147 3227 trag.
1173 3156 1243 3211 597.

169 3251 219 3312 Sic
239 3253 299 3312 fere
318 3253 428 3313 auxilio
440 3252 567 3314 Aldinae
589 3255 620 3312 in
641 3253 819 3314 restituendo
841 3255 904 3314 loco
925 3253 1083 3334 deprauato
1105 3253 1245 3315 utendum

169 3375 232 3416 ecee
260 3377 372 3417 censeo.
418 3356 503 3434 Quae
531 3357 604 3418 fides
632 3360 670 3418 eit
690 3359 855 3439 Euphronii
884 3361 1024 3419 incertum
1046 3379 1109 3419 esee
1130 3358 1246 3420 uidetur

170 3461 205 3520 cf.
228 3462 317 3521 schol.
341 3464 413 3540 Reg.
436 3498 479 3508 -
501 3456 602 3524 Ἄλλοι
630 3461 664 3523 δὲ
693 3485 768 3545 φασι
791 3463 832 3535 ὡς
853 3462 1010 3545 Σοφοκλῆς
1035 3462 1171 3543 ἐποίησεν
1192 3464 1245 3524 τὸν

173 3565 373 3646 Τληπόλεμον
402 3577 500 3629 ταῦτα
522 3566 661 3648 λέγοντα·
684 3605 728 3617 -—
758 3567 832 3629 έοικε
862 3566 895 3629 δέ
923 3572 1037 3647 μᾶλλον
1059 3568 1246 3652 Σοφοκλέους

170 3664 246 3732 εἶναι
269 3680 376 3734 ταῦτα.

255 3777 303 3835 Ex
332 3777 387 3838 hoc
415 3779 523 3839 scholio
552 3781 638 3838 etiam
667 3778 755 3837 schol.
781 3778 860 3838 Nub.
890 3784 964 3841 1261
985 3780 1156 3860 Euphronio
1179 3780 1243 3841 red·

169 3880 296 3941 dendum
318 3893 369 3941 est.
407 3887 476 3943 Τῶν
498 3882 714 3962 Καρκίνου.
735 3872 821 3943 Ἐπεὶ
843 3893 992 3965 τραγικῶς
1013 3883 1185 3966 ἀνεφώνησε
1208 3885 1245 3946 τό

171 3982 206 4045 ἰώ
227 3986 283 4064 μοί
302 4008 364 4063 μοι.
407 3985 446 4049 Oi
469 3985 502 4049 δέ
522 3987 680 4067 Καρκίνου
702 3987 807 4060 παῖδες
828 3983 979 4069 Ξενοκλῆς
1000 3989 1050 4049 καὶ
1068 3986 1243 4070 Ξενότιμος,

169 4091 219 4150 καὶ
243 4090 258 4151 ό
281 4088 336 4167 μέν
354 4093 509 4174 χορευτής,
532 4088 682 4172 Ξενοκλῆς
697 4091 731 4154 δέ
745 4094 913 4177 τραγῳδίας
927 4094 1061 4173 ποιητής.
1095 4096 1137 4157 cf.
1154 4095 1243 4156 schol.
